4932 6274
293 295 368 376 aas
863 285 1298 366 urssrouaauu
1348 288 1454 368 uin.
1486 288 1569 368 vu.
1602 286 1797 382 xsess.⁴
1939 239 1942 246 ’
2253 293 2330 366 sss

158 539 160 544 .
290 475 395 562 bages
424 467 654 559 significatam
686 487 778 548 esse,
819 478 857 536 et
884 463 1021 536 oraculi
1052 437 1283 555 interpretem
1334 463 1410 548 lor,
1440 477 1545 558 teque
1558 487 1634 534 non
1649 465 1832 550 desinam,
1862 464 2002 538 mmetsi
2024 457 2254 550 σπεύδοντα,
2289 479 2333 534 nt

291 571 535 670 mmeuendnm
565 591 640 640 esse
674 577 827 636 censent.
892 561 1055 638 Veniunt
1086 565 1205 660 itaque
1238 565 1284 636 ad
1334 566 1483 650 dicitur,
1523 561 1680 650 mauri,
1718 579 1760 638 ut
1782 577 1899 638 totum
1922 579 1958 638 te
1979 568 2023 636 ad
2047 561 2139 638 hanc
2161 562 2332 644 Philoso-

256 757 260 768 Ι
292 675 498 759 Platonem,
529 671 593 764 qui
615 670 733 754 docet,
767 689 836 760 qua
852 667 944 740 inre
960 667 1005 738 sit
1019 679 1195 752 erratum,
1228 665 1286 735 vi·
1334 663 1457 762 phiarn
1473 667 1721 740 illustrandam
1736 667 1910 741 conseras.
1954 665 2080 740 diebos
2091 663 2200 740 huius
2214 662 2335 738 hone-

293 777 440 858 delicet,
479 772 631 846 nescuse
650 793 711 842 eos
731 768 815 840 cubi
837 780 871 840 ct
892 769 1140 862 quadranguli
1157 765 1286 840 discri-
1336 767 1479 840 stissimi
1493 769 1663 842 matriculi
1675 769 1808 856 sorios,
1832 791 1908 842 non
1921 770 2168 858 sanemultos,
2197 771 2262 842 sed
2278 784 2336 842 ta·-

293 903 393 963 men;
433 899 498 948 nec
526 897 569 946 ex
596 873 687 946 cubo
712 870 820 946 imsse
844 871 1131 964 quadrangulum
1152 870 1287 940 iacien-
1334 893 1419 942 men
1439 871 1579 964 aliquos
1602 871 1733 964 passim
1756 871 1797 942 in
1811 867 2028 954 Germania,
2055 871 2154 954 visos
2174 871 2336 964 optimos

294 983 396 1066 dum,
429 989 621 1062 monstrat,
660 996 731 1066 qua
752 971 891 1046 ratione
914 973 1027 1042 cubus
1048 971 1286 1060 duplicandus
1337 985 1372 1042 et
1388 972 1629 1058 doctissimos,
1658 973 1777 1066 quiet
1798 971 1867 1064 ipsi
1887 994 2108 1044 commovere
2131 974 2251 1046 studia
2275 974 2339 1046 iu-

294 1083 357 1166 sit;
392 1092 568 1152 caeterum
591 1077 769 1160 admonet,
800 1067 893 1148 hanc
918 1073 1053 1144 oraculi
1069 1067 1286 1144 'sententiam
1337 1069 1492 1146 ventutis
1505 1068 1572 1144 hac
1588 1073 1627 1142 in
1642 1086 1883 1146 resonantur.
1922 1071 2036 1147 Recte
2046 1073 2145 1148 enim
2160 1075 2338 1162 indicant,

295 1206 386 1267 esse,
418 1179 469 1250 ita
492 1173 844 1248 demumGraeciam
864 1175 1022 1244 futuram
1044 1173 1288 1268 tranquillm,
1337 1174 1510 1268 reliquam
1524 1169 1795 1268 Philosophiam
1817 1195 1979 1246 mancam
2001 1189 2038 1248 et
2059 1177 2224 1249 mutilam
2247 1199 2340 1262 esse,

294 1287 325 1354 si
347 1307 383 1354 se
407 1283 454 1354 ad
467 1271 738 1370 Philosophiam
753 1273 884 1346 Graeci
905 1255 1180 1361 chnvertissent,
1204 1274 1289 1367 quia
1337 1275 1409 1346 nisi
1423 1299 1544 1346 rerum
1557 1277 1762 1351 coelestium
1776 1275 1932 1366 cognitio
1947 1278 2100 1350 accedat
2138 1339 2144 1350 .
2188 1313 2191 1320 ·
2242 1345 2247 1356 ,

295 1383 381 1462 baec
400 1381 518 1454 studia
541 1381 681 1452 animos
701 1379 747 1446 ab
766 1376 962 1448 ambitione
976 1389 1011 1448 et
1028 1378 1173 1448 caeteris
1188 1375 1290 1466 cupl-
1404 1375 1520 1460 ;Scis
1543 1391 1661 1451 autem
1691 1377 1730 1449 in
1758 1371 1889 1448 scholis
1916 1400 2006 1469 opus
2034 1397 2112 1451 csse
2133 1379 2339 1454 elementis.

296 1486 484 1572 ditatibus,
509 1506 551 1562 ex
565 1481 696 1575 quibus
709 1477 804 1550 bella
819 1489 1001 1550 etcaetera
1016 1478 1110 1550 mala
1125 1478 1290 1562 existunt,
1338 1476 1412 1550 Nec
1443 1477 1535 1559 alius
1560 1479 1712 1557 ,libellus
1736 1477 1851 1571 magia
1875 1481 2093 1552 necessarius
2117 1493 2188 1566 cst,
2223 1507 2339 1576 qam

296 1590 342 1660 ad
358 1609 517 1660 amorem
530 1583 627 1678 pacis
646 1594 680 1654 et
695 1579 976 1652 moderationem
990 1579 1030 1650 in
1048 1579 1217 1650 omnibus
1231 1601 1290 1648 re-
1340 1569 1557 1662 Theorscae,
1583 1593 1626 1654 ut
1646 1593 1794 1665 vocant,
1809 1603 1888 1652 ⁴seu
1912 1580 2073 1674 picturae
2093 1582 2240 1659 orbium
2254 1609 2340 1656 coe-

295 1693 364 1762 bus
380 1689 607 1772 abducerent.
1339 1679 1508 1766 leatium23
1535 1703 1626 1776 qcaas
1651 1705 1733 1752 cum
1761 1675 1820 1752 hic
1850 1683 2036 1754 ederemus
2058 1685 2247 1774 diligentia
2267 1685 2342 1762 viri

395 1787 515 1876 Huius
528 1781 619 1856 mihi
632 1781 811 1856 Platonici
826 1783 961 1854 oraculi
976 1781 1178 1874 saepissime
1193 1780 1291 1852 venit
1340 1779 1467 1874 optimi
1490 1806 1530 1855 ac
1551 1781 1680 1855 veteris
1703 1781 1890 1878 utriusque
1912 1799 2074 1860 nostrum
2100 1787 2226 1873 amici,
2267 1783 2342 1860 Iu-

296 1897 337 1964 in
360 1903 535 1974 mentem,
574 1885 625 1967 mi
647 1881 796 1975 Simon,
837 1909 919 1960 cum
944 1877 1135 1958 horribiles
1159 1875 1289 1965 horum
1341 1880 1422 1953 cohi
1436 1876 1633 1968 Milicho,
1664 1899 1825 1971 ornatas,
1856 1880 1898 1954 in
1921 1885 2097 1958 vestibulo
2118 1881 2213 1960 hene
2233 1891 2283 1960 ad
2304 1905 2341 1964 te

297 2011 501 2087 temporum
514 1989 687 2070 tumssltus
701 1987 899 2061 considero.
948 1983 1022 2056 Nec
1033 2009 1120 2060 vero
1134 1985 1291 2058 alionum
1341 1985 1527 2077 epistolam
1543 1985 1764 2070 addidimus,
1792 1987 2007 2060 nouaclum
2021 1989 2117 2085 quod
2129 1987 2184 2060 tui
2198 2015 2341 2064 nmmo-

297 2095 421 2192 putavi
445 2087 616 2166 hocloco
640 2087 1046 2179 annumerandum
1073 2109 1156 2158 cnm
1182 2088 1227 2156 ad
1256 2100 1291 2158 te
1340 2088 1430 2159 mam
1455 2085 1560 2161 nohis
1582 2087 1733 2167 subinde
1750 2101 1899 2167 renovat
1915 2083 2044 2166 hamran
2058 2091 2192 2168 artium
2206 2107 2343 2166 mcta-

299 2198 508 2279 scriberem,
536 2188 719 2266 hominem
738 2213 820 2262 cum
841 2190 884 2268 in
897 2189 1035 2282 reliqua
1049 2183 1292 2280 Philosophia,
1341 2189 1410 2272 tio,
1441 2189 1506 2258 sed
1528 2187 1640 2278 magis
1659 2211 1721 2274 eo,
1754 2189 1839 2282 quia
1863 2191 2028 2260 libellum
2050 2193 2246 2286 sperabam·
2256 2198 2340 2292 plus

299 2317 375 2372 tum
391 2299 431 2371 in
446 2289 503 2377 bis
517 2295 603 2388 ipsis
619 2293 754 2366 artibus
768 2290 1059 2362 eruditissimum.
1093 2287 1185 2360 Nam
1197 2285 1292 2360 mihi
1342 2283 1549 2363 habiturum
1571 2289 1703 2382 gratiae
1731 2283 1827 2384 apud
1854 2283 2032 2370 studiosos
2057 2308 2206 2388 propter
2233 2313 2339 2374 suum

300 2423 442 2498 quoque
463 2421 578 2470 unum
597 2391 667 2466 hoc
688 2383 896 2466 remedium
906 2393 1049 2464 videtur
1067 2391 1291 2484 publicarum
1342 2415 1496 2476 nornen,
1527 2393 1623 2484 qnod
1649 2405 1794 2484 propter
1806 2395 1964 2482 egregiae
1978 2395 2126 2468 virtutes
2142 2410 2224 2468 tuas
2239 2405 2340 2492 apud

301 2501 538 2574 calamitatum
554 2500 648 2582 fore,
681 2496 713 2568 si
729 2517 768 2567 se
787 2492 902 2566 nostri
924 2488 1088 2564 homines
1107 2494 1153 2562 ad
1172 2515 1292 2564 veram
1342 2515 1466 2564 omnes
1490 2487 1649 2566 literatos
1669 2493 1862 2564 admodum
1883 2497 2076 2584 gratiosum
2098 2511 2162 2573 est.
2226 2497 2340 2574 Pm-

300 2619 526 2696 veteremqna
548 2591 819 2688 Philosophiam
842 2608 1066 2673 concertante
1099 2617 1291 2687 quaecum
1342 2595 1586 2684 tereaiatueri
1607 2615 1733 2682 omnes
1753 2593 1793 2668 in
1808 2607 1847 2676 te
1861 2597 1989 2687 como,
2022 2612 2063 2674 ut
2085 2613 2156 2672 tuo·
2169 2601 2343 2700 metopio

301 2705 470 2789 incendat
492 2702 630 2796 animos
649 2721 834 2779 amurcae
854 2695 973 2771 studio
995 2697 1173 2788 veritatis,
1196 2697 1292 2766 etad
1343 2697 1513 2786 cogitent,
1546 2719 1584 2768 sc
1605 2687 1670 2768 has
1689 2699 2038 2780 eoncessum-as
2061 2723 2142 2774 eum
2165 2701 2341 2778 inam-iore

302 2807 521 2896 intellectum
534 2816 640 2896 atque
655 2800 928 2888 admirationem
944 2797 1158 2890 optimarum
1173 2821 1293 2886 renam
1342 2790 1577 2890 Philosophia
1599 2797 1813 2888 coniungere
1833 2797 1974 2878 dehere.
2025 2798 2120 2875 Nam
2139 2800 2341 2899 Epicmeos

303 2906 506 2990 exsuscitet,
539 2927 613 2976 una
641 2902 749 2974 elficit
771 2901 868 2974 viros
888 2901 1063 2970 bonosae
1082 2899 1294 2984 moderatos,
1343 2897 1441 2986 illos,
1474 2900 1538 2999 qui
1560 2923 1676 2996 neque
1698 2893 1961 2992 pulcherrimos
1986 2917 2105 2978 motus
2129 2895 2339 2984 coelaitiuos

303 2989 342 3083 ac
356 3007 545 3082 dissimiles
562 3001 715 3088 horum,
743 3003 806 3096 qui
831 3025 929 3074 nunc
950 3013 1096 3094 propter
1116 3001 1293 3072 inscitiam
1344 3022 1532 3094 corporum
1547 3001 1788 3088 admirantur,
1817 3005 2191 3103 neque'cognitionem
2210 3000 2340 3090 eorum

302 3113 438 3202 bellum
460 3107 603 3184 veritali
623 3118 662 3190 el.
679 3118 793 3196 tettae
814 3101 997 3181 doctrinae
1015 3102 1231 3191 indixerint,
1260 3114 1295 3172 et
1343 3103 1469 3173 utilem
1493 3125 1567 3174 esse
1589 3103 1828 3192 contendunt,
1861 3105 2076 3198 nequidem
2098 3109 2339 3202 appellatione

202 3243 208 3250 ·
303 3215 344 3284 in
382 3209 546 3282 homines
583 3207 761 3278 studiosos
799 3199 1010 3276 horribilem
1049 3205 1292 3277 crudelitatem
1345 3199 1533 3278 hominum
1551 3203 1676 3296 dignos
1696 3204 1827 3285 iudico.
1849 3213 1851 3217 ’
1876 3201 2020 3286 Etenim
2036 3211 2246 3286 nunsolum
2261 3215 2355 3302 bet.

304 3325 518 3398 exereeant„
538 3309 700 3402 publicas
712 3303 906 3385 discordias
921 3305 1109 3396 praecipue
1125 3305 1227 3380 alunt
1241 3319 1295 3374 at·
1345 3307 1419 3383 lum
1434 3318 1564 3396 gerunt
1583 3328 1664 3378 cum
1685 3301 1842 3378 humana
1864 3311 2011 3396 natura,
2037 3335 2129 3406 quae
2148 3317 2343 3418 praecipue

305 3413 633 3518 queinflanpmanp,
669 3405 749 3502 Etsi
768 3421 886 3498 autem
901 3406 965 3489 isti¹
976 3397 1136 3487 Platonis
1151 3407 1294 3489 oraculo
1345 3407 1390 3476 ad
1413 3402 1478 3478 has
1499 3407 1639 3483 divinas
1659 3431 1717 3480 res
1740 3407 1987 3500 adspiciendas
2007 3413 2152 3486 condita
2172 3427 2245 3504 est,
2269 3411 2341 3492 'aed

305 3511 401 3591 nihil
422 3509 642 3597 afficiuntur,
661 3585 664 3595 ,
681 3531 748 3602 nos
772 3522 892 3580 manen
913 3505 1014 3592 docet
1034 3531 1182 3600 operatu
1200 3509 1295 3582 ,dare
1345 3507 1451 3582 ctiam
1470 3501 1655 3607 θεόμαχοι
1675 3521 1771 3583 sunt.
1821 3505 1950 3585 Voluit
1966 3511 2066 3592 ‚enim
2087 3511 2187 3588 Deus
2205 3512 2343 3592 horum

306 3617 410 3710 omni
428 3613 672 3710 cpptentione,
701 3624 744 3696 ut
763 3610 983 3700 iuventutem
1005 3610 1050 3700 ad
1074 3603 1160 3682 haec
1178 3610 1295 3682 studia
1344 3609 1566 3683 mirabilium
1588 3620 1757 3682 cursuum
1778 3635 1820 3682 ac
1838 3612 1971 3683 virium
1993 3616 2180 3706 notitiam,
2208 3619 2343 3694 ducem

305 3702 528 3801 resecemus,
557 3726 591 3786 et
605 3723 647 3796 ut
662 3701 922 3810 pulcherrimae
935 3722 1027 3782 artes
1043 3723 1297 3785 conserventur
1345 3712 1451 3789 nobis
1481 3733 1555 3782 esse
1583 3713 1631 3786 ad
1661 3706 1860 3786 divinitatis
1891 3715 2159 3804 uog'nitionena.⁴
2199 3717 2343 3812 Quom-

306 3836 342 3894 οι
358 3823 412 3897 ‚ad
427 3832 595 3912 ‚posteros
615 3814 842 3908 perveniant,
877 3813 974 3906 quod
1003 3827 1096 3887 certe
1120 3828 1296 3906 praestare
1346 3807 1615 3908 quaminhanc
1628 3813 1843 3886 sententiam
1856 3815 1985 3891 alioin
2004 3817 2089 3895 loco
2104 3821 2219 3896 multa
2238 3847 2264 3896 a
2284 3851 2344 3898 me

307 3924 375 4018 inti
389 3915 513 4005 isthoc
529 3919 624 4000 tilae
634 3939 772 4010 mm:
785 3916 974 4000 debemus,
1005 3927 1040 3993 tl
1056 3928 1101 3994 stt
1122 3916 1209 3994 olim
1229 3909 1298 3995 ha'-
1346 3916 1519 4013 disputata
1534 3929 1634 3989 sunt:
1666 3915 1801 4002 lamen',
1833 3917 2006 4010 quoniam
2025 3913 2111 3998 haee
2130 3923 2342 4002 adolescen.

255 4106 266 4128 ψ
305 4028 388 4110 hosa
412 4019 734 4115 respublicanires.
748 4030 842 4100 recte
861 4015 1019 4101 eruditos
1035 4011 1110 4101 ,καὶ
1128 4011 1298 4115 ‘maimo
1346 4017 1415 4090 tiae
1432 4018 1563 4122 magis,
1593 4039 1701 4112 quam
1716 4014 1807 4104 osi,
1831 4017 1981 4108 legenda
1994 4021 2211 4112 scribimus,
2230 4051 2342 4122 quae.

305 4127 625 4224 papupppa‘pcane,
644 4120 730 4213 „qui
745 4118 881 4201 mederi
894 4117 1171 4210 publicismalis
1187 4133 1223 4192 et
1235 4143 1298 4196 ve·
1347 4119 1428 4190 dam
1442 4113 1552 4193 huius
1564 4117 1750 4198 doctrinae
1765 4117 1936 4194 utilitates
1943 4121 2166 4214 colligendae
2179 4145 2280 4206 sunt.

304 4225 601 4318 linpletpqspint.
640 4219 780 4318 ‚Neque
802 4243 890 4305 veto
911 4217 979 4303 ulli
1007 4221 1145 4298 melius.
1164 4221 1300 4311 glorio-
1411 4289 1414 4297 .
1446 4215 1608 4298 Primum
1629 4220 1780 4312 pecuina
1803 4220 1877 4306 vita
1898 4235 2005 4308 esset,
2041 4226 2072 4296 si
2100 4227 2239 4304 nuflam
2265 4257 2342 4309 cer.

306 4333 450 4422 eiusque
478 4330 524 4404 de
545 4325 713 4402 uniuerso
736 4345 863 4414 genem
886 4317 1046 4401 hnmano
1065 4323 1193 4402 uereri
1213 4347 1299 4398 ceu-
1347 4337 1421 4395 tam
1439 4317 1527 4392 anni
1545 4346 1594 4393 ac.
1610 4335 1810 4413 temporum
1826 4323 2098 4416 descriptionem
2116 4323 2345 4410 haberemus.

307 4433 410 4515 cendi
441 4441 543 4510 sunt,
566 4449 647 4513 nec
671 4422 750 4500 Deo
781 4423 916 4516 namu
941 4424 1061 4501 'feren
1090 4425 1319 4518 quidquam·
1348 4423 1420 4496 Sed
1436 4418 1497 4492 illa
1513 4421 1649 4496 utilitas
1659 4423 1769 4514 longe
1785 4425 1908 4498 maior·
1919 4439 1990 4518 est,
2019 4429 2237 4524 quodleges
2257 4435 2342 4510 illae

308 4555 415 4630 quam
423 4530 527 4624 siqui
542 4523 610 4606 hoc
626 4527 778 4613 consilio
794 4526 1010 4620 optimorum
1027 4525 1159 4601 artium
1173 4527 1299 4602 ¹studia
1348 4539 1511 4609 motuum
1534 4526 1744 4596 constitutae
1766 4527 1812 4601 ad
1833 4529 1996 4603 omnium
2021 4531 2264 4616 animantium
2284 4563 2342 4610 sa-

306 4636 504 4714 defenduut
518 4641 782 4724 atque-ornant.
809 4625 905 4701 Huic
914 4627 1047 4702 merito
1062 4627 1155 4700 nulli
1170 4628 1299 4706 trium-
1348 4627 1477 4712 lutem,
1507 4627 1637 4699 deinde
1659 4639 1694 4700 et
1716 4627 1808 4698 sires
1829 4625 2038 4702 coelestium
2049 4629 2236 4726 luminam
2245 4643 2341 4712 mal-

307 4732 401 4831 phi„
420 4731 816 4820 nnllaeaistoriueiurs
830 4729 999 4820 anteponi
1012 4741 1192 4821 poterunt·
1224 4725 1299 4808 ,Ac
1349 4729 1485 4820 tipliees
1506 4742 1542 4800 et
1560 4728 1786 4821 superiorum
1803 4744 1908 4833 atqup
1923 4732 2132 4815 inferiorum
2149 4761 2340 4830 corporum

182 4869 188 4882 ·
307 4839 472 4927 noniogo
488 4835 727 4927 quidamst&
742 4825 1307 4921 adlmelaudemimpesusiam
1349 4852 1557 4915 consensus,
1592 4825 1778 4924 perspicue
1802 4844 1991 4920 testantur,
2030 4829 2128 4906 huuc
2150 4843 2341 4928 mundum,

201 4947 206 4956 ·
307 4941 409 5018 ὼ),
458 4936 731 5028 &dmum
745 4931 1200 5022 muaomimooaoesores,
1223 4932 1299 5022 pei·
1349 4947 1390 5004 ut
1416 4933 1659 5004 venustissime
1687 4929 1807 5026 inquit
1826 4924 2053 5032 Xenophon,
2087 4943 2217 5034 σοφοῦ.
2239 4941 2341 5026 τινὸς

281 5033 409 5119 ‘mesu
422 5033 676 5127 Arnemetiae,
698 5027 1039 5111 aeinueEuclidem
1055 5047 1089 5108 es
1103 5027 1298 5118 Platonem
1349 5029 1582 5132 δημιουργοῦ
1592 5027 1657 5106 καὶ
1671 5025 1857 5129 noctuae
1869 5032 2035 5131 τέχνημα
2048 5061 2139 5125 ⁶⁵⁶⁶·
2150 5065 2208 5134 ,ae
2218 5060 2340 5118 meno

309 5145 369 5217 edi
386 5141 534 5224 curasti,
558 5151 610 5223 et,
640 5151 681 5212 ut
696 5135 873 5224 intelligo,
903 5134 975 5208 iam
998 5137 1151 5210 adornas
1171 5136 1300 5209 editio-
1349 5136 1469 5228 aliqua
1486 5149 1625 5212 aeterna
1648 5149 1683 5206 et
1704 5139 1838 5228 optima
1860 5131 2061 5211 conservari
2079 5147 2340 5235 atque-guber·

205 5277 247 5320 ἢ.
309 5269 394 5320 nm
414 5243 571 5334 ‚Magnae
590 5239 785 5334 syntaxeos
806 5227 1027 5320 Ptolemaei,
1066 5249 1204 5324 astant
1229 5238 1300 5319 mi-
1349 5237 1440 5309 nari.
1489 5235 1672 5326 Quantum
1691 5251 1810 5310 amem
1828 5241 1954 5342 refert,
1978 5236 2167 5314 hominnm
2189 5249 2340 5332 animos,

309 5347 405 5421 nime
422 5345 572 5421 obscura
584 5341 708 5420 iudicii
722 5363 762 5416 sc
776 5339 970 5425 summotis
984 5353 1064 5415 tuae
1087 5339 1312 5424 testimonia.
1349 5337 1527 5413 intuentes
1541 5339 1579 5410 in
1591 5339 1654 5416 illa
1668 5339 1867 5422 divinitatis
1881 5343 2046 5436 vestigia,
2064 5345 2205 5418 firmam
2220 5343 2340 5422 tenere

311 5447 494 5541 ltaquenp
511 5437 701 5522 tibihunc.
722 5441 885 5528 animum
899 5441 1314 5534 xetreipublicaegratu··
1349 5439 1612 5534 persuasionem
1634 5443 1678 5512 de
1693 5437 1763 5513 Dei
1787 5445 1984 5534 praesentia
2006 5447 2121 5541 deque
2145 5438 2340 5540 provideo.
