4980 6280
296 325 343 406 ts
827 287 853 382 ’-
879 323 1311 409 uetsuocanuu
1362 322 1469 407 ctu
1505 323 1549 408 v,
1602 323 1737 408 ‘esau
2280 323 2327 398 ts

294 503 368 574 rint
386 507 431 576 de
453 499 511 602 bls
525 507 639 578 rebus
663 505 799 580 incerti.
858 503 950 578 Nam
973 507 1077 581 multi
1097 519 1224 602 putant
1246 527 1283 574 se
1335 499 1493 594 gregario
1505 504 1616 576 militi
1629 505 1669 575 in
1682 497 1853 587 exercitu,
1886 523 2002 598 neque
2018 497 2233 574 concedetur
2246 521 2328 568 meu

294 619 408 678 certos
430 629 525 693 esse,
565 631 647 679 curn
671 609 744 679 sint
764 607 1004 694 intentissimi,
1040 631 1107 679 nec
1131 603 1284 678 babeam
1335 607 1483 676 arbitrio
1494 627 1650 698 pergere.
1701 603 1808 695 Quod
1824 606 1853 674 si
1866 605 2023 675 obtineri
2036 617 2172 696 posset,
2204 623 2328 672 accur·

294 707 450 780 eatioms
475 707 687 802 probabiles.
753 707 911 780 Tantum
933 711 982 779 sic
1004 713 1145 782 credere
1169 707 1284 778 videri
1336 729 1449 776 recem
1477 709 1520 777 ad
1550 731 1632 794 vos,
1671 709 1729 776 vel
1753 709 1857 777 etiam
1882 707 2096 781 advolarem.
2157 701 2328 774 Nondtrm

294 807 440 896 volunt,
470 811 554 906 quia
575 812 715 903 placuit·
733 811 887 896 novitas,
926 823 960 882 et
982 812 1064 904 quia
1088 811 1138 880 sic
1162 811 1285 881 andie-
1335 809 1405 880 scio
1428 811 1573 902 qnando
1595 811 1664 882 iter
1688 809 1962 899 ingrediendum
1983 808 2042 880 sit.
2102 803 2258 894 Quidam
2280 807 2327 874 de

295 925 391 986 runt.
447 909 565 982 Potest
589 925 706 982 autern
726 913 776 982 sic
800 911 932 996 evinci,
969 927 1010 982 ut
1040 914 1221 984 fateantur
1249 933 1285 982 se
1335 903 1685 1005 Martioloqnuntur,
1701 905 2038 1005 quidamdeAprlli.
2054 899 2327 1002 tortuosam)

294 1035 369 1082 non
385 1011 468 1083 ver'e
481 1027 593 1084 certos
610 1037 701 1100 esse,
730 1014 759 1082 si
776 1013 998 1084 familiariter
1012 1013 1284 1104 interrogentur,
1335 1011 1499 1082 subsistet
1516 1026 1718 1106 opportuno
1744 1013 1862 1106 aliquo
1889 1013 1928 1080 in
1952 1013 2049 1095 loco,
2082 1005 2229 1084 culmo
2250 1001 2328 1110 γὰρ

295 1134 384 1208 quos
398 1109 552 1186 habeant
566 1115 673 1200 locos,
698 1129 733 1185 et
747 1129 975 1207 opponantur
988 1115 1173 1200 iuniores,
1195 1136 1284 1208 quos
1335 1109 1478 1206 ἀρέσκει
1493 1113 1635 1188 ἐκεῖνον
1649 1115 1820 1210 παρεῖναι
1835 1109 1876 1186 ἐν
1889 1114 1945 1206 τῷ
1960 1104 2141 1212 συλλόγῳ.
2193 1110 2263 1184 Sed
2280 1113 2327 1180 de

293 1237 370 1284 nou
390 1231 539 1308 possunt
560 1215 645 1286 scite
664 1218 820 1298 solvere,
860 1231 893 1285 et
914 1218 1101 1288 actctoritas
1123 1229 1283 1288 veterum
1335 1209 1393 1283 lais
1403 1217 1517 1310 daque
1526 1215 1614 1284 meis
1627 1215 1831 1306 ingentibus
1844 1217 1982 1286 curiset
1991 1211 2232 1284 sollieitudine
2245 1213 2329 1284 inb-

292 1315 519 1410 scriptorum,
543 1313 756 1412 Augustini,
782 1309 973 1414 Cypriani
986 1333 1019 1390 et
1033 1318 1203 1387 similium
1219 1319 1285 1388 ob-
1335 1317 1409 1388 nita
1421 1330 1455 1386 et
1465 1317 1873 1408 gravissimisdoloribus
1883 1339 2055 1410 exponam
2066 1309 2328 1386 coramor'nnia.

293 1415 445 1492 iiciatur.
504 1417 594 1490 Nam
617 1433 701 1490 sont
723 1421 762 1488 in
785 1411 998 1516 Cypriane,
1037 1415 1194 1490 Hilario
1219 1433 1283 1494 etc.
1334 1415 1425 1486 Nam
1440 1443 1556 1512 noque
1576 1421 1679 1489 facile
1702 1419 1763 1488 illa
1783 1419 1889 1488 scribi
1913 1430 2079 1510 possunt,
2108 1439 2226 1512 neque
2241 1430 2328 1488 sunt

294 1519 408 1590 clarae
430 1522 476 1589 de
486 1515 708 1592 Eucharistia
733 1523 944 1606 sententiae,
974 1522 1068 1591 sicut
1089 1522 1128 1590 in
1153 1519 1285 1614 Augu·
1335 1517 1501 1614 pleraque
1515 1521 1629 1590 literis
1643 1520 1908 1603 committenda,
1927 1519 1977 1589 iis
1988 1519 2214 1612 praesertim,
2236 1541 2327 1612 quae

291 1617 391 1692 stino
416 1621 460 1692 de
483 1623 712 1713 parvulorum
737 1621 929 1714 Baptismo.
988 1622 1152 1694 Secundo
1177 1623 1208 1692 si
1230 1621 1284 1692 fa·
1335 1643 1382 1690 an
1395 1623 1549 1712 primum
1564 1623 1602 1690 in
1620 1635 1697 1692 tuas
1711 1644 1838 1691 manus
1852 1635 2087 1713 perventurae
2100 1635 2232 1705 cuent,
2257 1620 2327 1690 du-

293 1735 435 1794 lcantur
455 1747 490 1792 se
512 1747 585 1792 esse
608 1725 781 1809 incertos,
820 1726 1110 1810 commonebant,
1150 1747 1195 1792 ne
1218 1725 1284 1792 do-

293 1837 409 1908 reaut;
443 1826 501 1894 sed
521 1839 561 1896 ut
574 1827 668 1918 apud
684 1847 720 1896 se
735 1849 834 1896 stram
849 1825 1053 1917 opinionem
1070 1826 1283 1910 contineant,

292 1939 328 1996 ct
359 1927 546 2016 diligenter
577 1928 678 1996 omni
711 1951 752 1996 ex
784 1941 884 2016 parte
918 1929 1121 2007 conferant,
1170 1929 1282 1996 donec

290 2023 389 2098 Deus
404 2025 472 2097 'cor
493 2027 532 2096 in
558 2029 725 2100 alterutra
751 2029 922 2120 opinione
946 2029 1140 2102 confirmet.
1190 2027 1280 2097 Nam

291 2129 335 2198 de
356 2127 462 2200 rebus
484 2129 727 2220 spiritualibus
750 2153 825 2198 non
841 2129 957 2200 statim
974 2129 1282 2221 pronuntiandum

290 2243 352 2303 est.
419 2223 551 2302 Petrus
583 2231 689 2302 etiam
722 2255 804 2301 cum
827 2229 1014 2322 accepisset
1036 2229 1210 2322 Spiritum
1233 2229 1282 2313 S,

290 2345 410 2402 tamen
430 2333 607 2404 dubitavit
627 2333 670 2402 de
692 2331 780 2402 cibis
804 2327 1012 2423 prohibitis,
1046 2329 1124 2404 Act.
1143 2333 1220 2416 10„
1246 2345 1282 2400 et

290 2433 427 2502 visione
450 2435 677 2504 confirmatus
698 2449 764 2504 est:
800 2447 919 2502 tamen
940 2447 1060 2524 postea
1084 2429 1280 2504 haesitavit.

289 2533 365 2606 Cur
397 2557 463 2603 nos
498 2547 630 2606 temere
661 2533 958 2628 pronuntiemus?
1022 2531 1070 2604 Ει
1100 2529 1280 2604 Salomon

290 2635 446 2728 scripsit:
486 2631 570 2717 „In
595 2632 766 2706 Ecclesia
795 2659 869 2706 nun
894 2633 948 2706 sis
972 2631 1079 2704 velox
1100 2629 1156 2706 ad
1179 2629 1281 2705 iudi-

290 2729 449 2806 cundum
463 2725 506 2806 de
520 2735 749 2808 sermonibus
762 2733 857 2818 Dei,
884 2759 928 2806 ne
943 2731 1127 2834 desperes,
1151 2737 1281 2830 inquit,

290 2834 397 2938 loqui
424 2861 547 2908 corum
574 2835 670 2908 Deo.
734 2835 866 2908 lterum
895 2860 976 2908 cum
1006 2832 1152 2908 Paulus
1183 2839 1281 2922 dicit,

286 2945 486 3112 peceatum
501 2961 593 3022 esse,
633 2933 820 3040 quidquid
839 2961 913 3008 non
936 2961 984 3009 ea
994 2932 1076 3031 fide
1097 2938 1184 3008 est*
1240 2937 1280 3010 Si

315 3043 443 3113 abeant
458 3043 564 3112 corda
578 3043 711 3114 incerta
734 3055 769 3112 et
794 3043 962 3126 doceant,
992 3063 1068 3110 non
1088 3042 1217 3110 docent
1239 3061 1285 3108 ex·

289 3145 375 3228 lide,
408 3143 470 3212 sed
492 3157 684 3235 peccatum.
741 3141 815 3212 Has
832 3141 1094 3214 admonitiones
1118 3135 1281 3210 homines
1360 3193 1369 3211 .

289 3267 363 3314 non
388 3255 638 3329 contemnunt,
669 3243 732 3338 qni
752 3257 835 3314 sunt
855 3243 1041 3316 sanabiles.
1099 3239 1174 3330 Qui
1195 3265 1281 3314 con-

288 3357 471 3430 temnunt,
502 3347 742 3415 vociferantur
774 3345 927 3416 multum
958 3345 1003 3414 de
1033 3343 1280 3426 sacramentis,

289 3461 323 3517 et
343 3457 514 3538 spargunt
539 3467 601 3516 sua
624 3446 760 3516 somnia
781 3445 818 3515 in
841 3447 1010 3516 miserum
1036 3445 1174 3534 vulgus.
1231 3443 1280 3512 Hi

288 3571 363 3620 non
385 3551 563 3638 agitantur
583 3547 681 3617 bono
702 3547 848 3638 spiritu,
880 3547 939 3616 sed
964 3545 1121 3616 novitate
1141 3542 1280 3616 ducun-

288 3664 358 3726 tur.
410 3647 504 3722 Sunt
520 3649 615 3720 enim
633 3643 795 3718 homiues
811 3649 937 3718 incerti
952 3649 1167 3720 clamatores.
1201 3643 1279 3737 Ego

287 3745 405 3822 adbuc
428 3750 607 3820 neminem
630 3751 803 3842 comperi,
846 3773 892 3819 ne
915 3739 1176 3820 Curlstudlum
1199 3771 1280 3842 qur-

288 3855 389 3936 dem,
422 3852 484 3945 qni
507 3852 640 3922 diceret
659 3872 792 3921 se‘esse
812 3863 945 3922 certum
960 3851 1005 3920 de
1021 3873 1083 3920 sua
1099 3851 1279 3942 opinione.

286 3951 410 4048 Neque
428 3953 572 4038 dubito,
604 3954 635 4022 si
651 3951 745 4023 inter
761 3953 843 4022 illos
858 3965 941 4024 sunt
956 3951 1129 4038 saniores,
1160 3953 1280 4020 veniet

238 4097 245 4106 -
287 4051 338 4124 eis
362 4075 465 4146 saepe
487 4054 524 4123 in
547 4068 720 4136 mentem,
753 4055 829 4125 fieri
853 4075 972 4150 posse,
1005 4065 1050 4123 ut
1073 4053 1119 4122 sit
1140 4054 1279 4123 diversa

256 4192 258 4202 ·
287 4155 460 4228 sententia
478 4179 573 4226 vera.

1112 4567 1168 4627 ts.
1191 4555 1278 4622 Febr.

1100 4645 1273 4681 Μ

294 4555 467 4686 Q

564 4741 711 4828 looclt.
742 4737 1001 4828 Camerario.

355 4935 439 5010 tp'ut.
454 4935 488 4994 sd
501 4934 640 4993 mese.
661 4953 688 5010 p.
702 4933 762 4992 tta.

382 5101 622 5182 Ioucltirno
647 5101 925 5181 Camerario
949 5099 1182 5202 Noribergue

192 5301 196 5306 ·
284 5237 330 5332 S
344 5255 392 5336 D.
447 5255 595 5332 Accedit
617 5257 764 5344 Caesar,
807 5269 841 5328 et
859 5257 1075 5328 veniendum
1099 5257 1203 5327 nobis
1226 5270 1278 5328 est

285 5361 492 5452 Augustam.
544 5357 634 5431 istac
656 5358 765 5451 igitur
784 5359 1024 5434 transibimus.
1074 5355 1135 5428 Tu
1154 5351 1278 5452 hospi-

286 5463 376 5536 tium
397 5475 531 5556 parato.
581 5457 664 5534 Erit
686 5475 801 5536 autem
827 5455 918 5530 mibi
936 5461 1153 5534 sumendum
1174 5461 1276 5558 quasi

1250 3749 1259 3766 .
1332 3702 1436 3772 iudex
1457 3701 1578 3794 possit.
1629 3698 1742 3794 Agam
1765 3705 1884 3798 itaque
1902 3729 1983 3774 curn
1996 3695 2077 3772 Lut

1335 1723 1501 1794 bitabam.
1550 1721 1651 1797 Vale.
1693 1721 1746 1797 ld.
1761 1723 1865 1797 Febr.
1893 1721 1999 1792 Anno
2015 1718 2118 1797 Ml).
2128 1719 2243 1792 XXX.

1986 1848 1989 1857 ·
2074 1817 2273 1915 Philippus.

2154 2193 2209 2254 18.
2227 2183 2315 2252 Febr.

1340 2275 1511 2306 Μ
2143 2271 2316 2305 Μ

1655 2361 1730 2450 Ge.
1759 2363 2006 2478 Spoletina.

1401 2557 1476 2626 †Er
1491 2558 1647 2680 spoffinpbo
1660 2559 1689 2614 in
1704 2559 1767 2642 cod.
1782 2557 1864 2617 Goth.
1878 2559 1937 2615 402
1956 2579 1983 2634 p.
1997 2557 2082 2644 585¹..
2119 2557 2230 2644 [sepitur
2244 2559 2326 2612 eliam

1434 2629 1850 2772 iliiissbv‘it.'i.⁸⁸}.'isii¹⁰
1863 2629 1967 2686 Μ’
1986 2629 2152 2702 ‘mm
2165 2647 2193 2682 ω
2207 2625 2325 2684 ωωι
2358 2681 2365 2706 ’

1567 2847 1772 2952 Georgia
1804 2851 2083 2956 Spalutino,
2176 2837 2182 2848 ⁸

1331 2970 1436 3082 Ego,
1462 2989 1511 3056 mi
1525 2985 1743 3086 Spnlnline,
1776 3007 1947 3089 qamntum
1965 2993 2065 3086 potui
2079 3013 2217 3082 semper
2236 2991 2326 3083 cavi,

1331 3115 1376 3162 ne
1402 3107 1533 3162 veteres
1546 3094 1680 3162 'causas
1701 3119 1889 3166 moverem.
1911 3084 1915 3100 ’
1954 3088 2055 3164 Nihil
2086 3072 2270 3184 prdficittir
2285 3087 2325 3193 ¹)

1332 3194 1402 3264 nasi
1417 3207 1457 3282 ut
1471 3195 1724 3284 perturbentur
1737 3195 1972 3278 conscientiae
1988 3197 2196 3266 multorum.
2244 3186 2325 3266 Ku-

1330 3291 1400 3368 κὸν
1413 3287 1454 3366 εὖ
1469 3291 1640 3388 κείμενον
1654 3291 1706 3390 μὴ
1721 3293 1901 3390 κινητέον.
1942 3295 2052 3388 Leges
2066 3297 2324 3388 imperatorum

1332 3397 1386 3468 illi
1404 3398 1607 3486 ignoscunt,
1631 3399 1693 3490 qui
1710 3413 1852 3492 neptem
1868 3399 1968 3470 duxit
1986 3397 2138 3468 insciens
2157 3410 2192 3467 ct
2208 3399 2277 3466 iam
2290 3396 2324 3495 ²)

1332 3499 1395 3568 diu
1408 3495 1536 3569 habuit
1554 3521 1699 3568 uxorem
1715 3511 1749 3570 et
1766 3525 1807 3588 ex
1823 3524 1861 3570 ea
1877 3501 2030 3592 suscepit
2050 3499 2193 3571 liberos.
2231 3497 2326 3569 For-
2355 3495 2370 3508 ⁸

1331 3601 1431 3670 masis
1447 3597 1515 3670 hoc
1531 3601 1729 3692 exemplum
1745 3601 1784 3669 in
1800 3596 1868 3687 bpc
1884 3593 2056 3672 Erhotdt
2067 3597 2103 3770 ’)
2119 3623 2201 3669 casu
2224 3601 2325 3695 sequi

2107 3723 2167 3770 ero
2191 3702 2235 3770 de
2257 3695 2325 3772 hac

1331 3827 1379 3878 re.
1433 3803 1573 3892 Quaeso
1590 3815 1644 3888 te,
1676 3825 1721 3873 ne
1739 3827 1879 3876 moveas
1896 3799 2100 3876 huiusmodi
2116 3817 2231 3876 vetera
2256 3827 2326 3874 ne-

1331 3905 1444 3996 gotia,
1471 3907 1531 3974 secl
1554 3899 1715 3974 adhibito
1729 3929 1804 3976 uno
1821 3920 1926 3998 atque
1940 3903 2050 3978 altero
2064 3907 2141 3974 viro
2156 3903 2252 3976 bono
2271 3919 2322 3976 te-

1311 4030 1407 4095 gas,
1436 4019 1608 4100 quantum
1624 4007 1719 4076 hona
1735 4007 1949 4078 conscientia
1967 4007 2042 4078 ficri
2061 4019 2186 4098 potest.
2237 3999 2324 4078 Lu·

1331 4103 1455 4176 therua
1488 4109 1631 4202 quidem
1653 4101 1769 4180 adhuc
1792 4103 2020 4180 vrb-enter
2042 4109 2243 4194 contendit,
2283 4123 2325 4182 ut

1332 4203 1506 4280 distrahas
1534 4210 1618 4280 istos
1637 4207 1678 4304 ').
1742 4207 1888 4282 Caetera
1913 4211 2052 4302 negotia
2078 4209 2144 4282 tibi
2166 4209 2324 4286 remitto.

1330 4307 1431 4382 Nihil
1456 4312 1598 4403 prodest
1618 4309 1771 4382 scribere
1800 4313 1844 4380 ad
1869 4311 2070 4383 facultatem
2098 4310 2323 4396 luristarum,

1330 4415 1389 4482 scd
1426 4411 1572 4482 debebis
1604 4412 1769 4504 deinceps
1802 4411 1954 4486 scribere
1987 4400 2225 4506 simplicitcrz'
2252 4403 2323 4482 den

1328 4503 1725 4606 Rechtsverstr'indigen
1746 4507 1809 4583 des
1825 4507 2070 4586 Stichsischen
2085 4505 2323 4612 Oberhosge-

1331 4607 1454 4686 ricltls.
1506 4613 1598 4686 Sunt
1614 4616 1709 4684 enim
1731 4617 1770 4684 in
1784 4617 1967 4702 facultate,
1997 4617 2060 4713 qui
2081 4617 2120 4684 in
2136 4609 2193 4686 his
2208 4615 2324 4686 causis

1329 4718 1437 4788 nimis
1469 4717 1647 4788 mordicus
1679 4715 1834 4788 retinent
1864 4740 1947 4788 suus
1971 4717 2171 4790 decretales.
2229 4713 2323 4786 Vale

1328 4819 1486 4889 feliciter.
1524 4817 1580 4891 18.
1596 4815 1783 4888 Februarii
1800 4813 1910 4893 1530.

1328 5005 1545 5026 *nn—u·-
1587 5009 1591 5019 ι

1361 5115 1541 5188 *)1.ulberns
1555 5111 1675 5186 coburg.
1712 5114 1745 5170 C.
1760 5109 1817 5168 W.

1378 5217 1406 5284 1)
1425 5215 1554 5270 Ballensl.
1569 5213 1699 5282 efficitur·

1376 5303 1405 5372 2)
1422 5299 1485 5356 ssd.
1501 5297 1584 5358 Gotb.
1598 5307 1669 5352 ιαιιι.

1377 5385 1407 5454 β)
1426 5383 1534 5436 Nomen
1548 5379 1576 5434 in
1592 5398 1686 5452 apogr.
1700 5379 1830 5436 Ballenrl.
1844 5379 2019 5436 deiderrtur.

1347 5483 1354 5522 ἶ
1376 5487 1406 5556 f)
1425 5483 1489 5540 Vm.
1502 5479 1579 5536 laub.
1594 5481 1672 5552 epist.
1688 5479 1714 5534 d.
1725 5479 1770 5538 26.
1789 5479 1869 5536 Febr.
1884 5480 1959 5535 lm
1976 5481 2012 5534 ad
2023 5478 2204 5554 spaletinam:
