4920 6280
269 331 316 412 1s
801 295 1285 416 '-nntsroosnnn
1337 333 1444 416 mn
1479 336 1524 417 v,
1580 336 1712 416 csso.
2256 333 2304 406 rs

268 509 342 580 sint
360 513 405 582 de
427 505 484 607 bls
505 513 612 584 rebus
636 513 772 586 incerti.
831 509 923 584 Nam
946 515 1050 587 molti
1070 527 1198 608 putam
1220 535 1257 582 se
1310 507 1468 602 gregario
1480 513 1590 584 militi
1603 515 1643 584 in
1657 507 1828 596 exercitu,
1861 533 1976 608 neque
1993 511 2207 582 concedetur
2220 529 2305 576 meo

268 625 382 684 certos
404 635 499 700 esse,
539 637 621 684 curn
645 615 717 686 sint
737 613 977 702 incertissimi,
1013 639 1080 686 nec
1104 611 1258 686 habeant
1310 615 1457 685 arbitrio
1469 637 1624 707 pergere.
1675 613 1782 704 Quod
1798 615 1827 684 si
1841 614 1997 684 obtineri
2010 626 2146 705 posset,
2178 632 2304 680 accur-

268 713 424 786 rationes
449 713 661 808 probabiles.
726 713 884 786 Tantum
906 717 955 786 sic
977 719 1118 788 credere
1143 715 1258 786 videri
1310 737 1423 784 rerem
1451 719 1495 786 ad
1525 739 1606 802 vos,
1645 717 1703 786 vel
1727 718 1832 788 etiam
1857 717 2071 790 advolarem.
2132 711 2304 782 Nondum

268 813 414 904 volunt,
444 817 527 910 quia
549 817 688 910 placuit·
706 817 861 903 novitas,
899 819 1037 912 etquis
1061 817 1111 888 sic
1135 819 1259 888 andie-
1309 819 1380 888 scio
1403 819 1548 910 quaudo
1570 819 1638 890 iter
1663 819 1936 908 ingrediendum
1957 817 2017 890 sit.
2076 812 2234 903 Quidam
2255 817 2304 884 dc

269 931 365 992 runt.
421 915 539 989 Potest
563 931 679 988 autem
699 920 749 988 sic
773 917 905 1004 evinci,
943 933 982 990 nt
1012 921 1193 990 fateantur
1222 941 1258 988 se
1310 908 2304 1014 Martioloqnuntnr,quidamdeAprill.ddcddnxcti..*)

268 1041 343 1088 non
359 1033 567 1090 rerecertos
584 1043 674 1106 esse,
703 1021 732 1088 si
749 1021 970 1092 familiariter
985 1021 1257 1112 interrogentur,
1309 1019 1473 1091 subsistet
1490 1035 1692 1114 opportuno
1718 1022 1836 1114 atiquo
1864 1021 1902 1089 in
1927 1021 2023 1104 loco,
2057 1015 2203 1092 οὐδέπω
2225 1011 2304 1118 ydp

269 1140 358 1214 quos
372 1115 526 1192 habeant
540 1122 646 1207 locos,
672 1123 1146 1214 etopponnnturfirrniorcs,
1169 1145 1257 1216 qnos
1309 1117 1451 1214 ἀρέσκει
1467 1122 1609 1196 ἐκεῖνον
1623 1124 1794 1218 παρεῖναι
1810 1119 1849 1196 ἐν
1863 1126 1919 1217 τῷ
1934 1113 2115 1222 συλλόγῳ.
2167 1119 2237 1192 Sed
2256 1121 2303 1190 de

268 1243 344 1291 uon
365 1237 513 1314 possunt
534 1221 619 1292 scite
637 1224 793 1304 solvere,
833 1237 866 1292 et
887 1225 1074 1294 auctoritas
1096 1237 1256 1294 veterum
1308 1217 1588 1318 hisdequemeis
1600 1225 1805 1315 ingentibus
1818 1226 1913 1294 curis
1922 1235 1956 1293 et
1966 1221 2206 1293 sollicitudine
2220 1222 2305 1292 inh-

267 1321 492 1416 scriptorum,
517 1319 729 1419 Augustini,
756 1317 946 1420 Cypriani
959 1339 992 1397 et
1006 1325 1176 1394 similium
1192 1327 1257 1396 ob-
1308 1325 1382 1396 nita
1394 1339 1429 1394 et
1439 1326 1848 1416 gravissimisdoloribns
1857 1349 2029 1418 exponam
2040 1325 2304 1396 coramomnia.

267 1423 419 1498 liciatur.
477 1423 568 1496 Nam
591 1439 674 1496 sunt
696 1427 736 1496 in
758 1419 971 1524 Cypriane,
1010 1423 1167 1496 Hilario
1193 1441 1257 1500 etc.
1307 1423 1398 1494 Nam
1414 1451 1529 1521 neque
1549 1429 1652 1497 facile
1675 1429 1736 1496 illa
1757 1427 1864 1497 scribi
1887 1439 2053 1520 possunt,
2082 1449 2200 1520 neque
2217 1439 2304 1496 sunt

268 1525 382 1596 clarae
404 1522 682 1598 deEucharistia
706 1531 917 1614 sententiae,
948 1529 1041 1598 sicut
1062 1529 1101 1597 in
1126 1526 1258 1622 Augu·
1308 1527 1474 1622 pleraque
1489 1529 1604 1598 literis
1617 1529 1882 1612 committenda,
1902 1529 2189 1621 iispraesertim,
2210 1551 2304 1621 quae

266 1623 365 1698 slino
390 1627 434 1698 de
457 1629 686 1719 parvulorum
710 1628 902 1721 Baptismo.
961 1629 1125 1700 Secundo
1150 1631 1181 1700 si
1203 1631 1257 1700 la·
1308 1651 1354 1698 an
1368 1631 1523 1720 primum
1538 1631 1576 1698 in
1594 1644 1671 1700 tuas
1685 1653 1812 1700 manus
1827 1645 2061 1722 perventurae
2074 1645 2206 1714 essent,
2232 1630 2304 1700 du-

267 1741 408 1800 tsantur
429 1753 464 1798 se
486 1753 559 1800 esse
582 1731 754 1814 incertos,
793 1733 1082 1818 commonebant,
1123 1755 1168 1800 ne
1191 1733 1257 1800 do·
1308 1731 1474 1802 bitabam.
1523 1729 1625 1805 Vale.
1667 1729 1720 1806 ld.
1736 1731 1839 1806 Febr.
1867 1729 1973 1802 Anno
1989 1729 2217 1805 M.D·XXX.

267 1843 383 1914 ceant;
417 1832 475 1900 sed
494 1845 535 1902 ut
548 1833 641 1922 apud
657 1855 693 1902 se
709 1855 807 1902 stram
821 1831 1026 1924 opinionem
1042 1834 1256 1917 contineant,
2048 1826 2249 1924 Philippus.

266 1945 303 2002 et
333 1933 520 2022 diligenter
551 1934 651 2001 omni
684 1958 724 2002 ex
757 1947 856 2024 parte
891 1935 1094 2014 conferant,
1142 1937 1255 2004 donec

265 2027 363 2102 Deus
384 2055 446 2102 cor
467 2033 506 2102 in
531 2034 699 2105 alterutra
724 2035 895 2126 opinione
919 2037 1112 2108 confirmet.
1163 2033 1253 2106 Nam
1337 2051 1660 2064 ““·····“““·’““

265 2133 436 2204 derebus
458 2135 700 2226 spiritualibus
723 2159 798 2204 non
813 2137 930 2208 statim
947 2137 1255 2228 pronuntiandum
1316 2187 1352 2259 N
1400 2189 1474 2259 663
2202 2191 2264 2254 Η

264 2247 326 2307 est.
393 2227 525 2306 Petrus
557 2236 663 2306 etiam
696 2261 776 2306 curn
800 2237 986 2330 accepisset
1009 2237 1183 2328 Spiritum
1206 2237 1254 2320 S,
1312 2215 1486 2314 „fio-..J
2117 2203 2293 2314 Μ

264 2349 384 2406 tamen
404 2337 580 2408 dubitavit
601 2339 644 2406 de
665 2339 753 2408 cibis
777 2334 985 2428 prohibitis,
1019 2337 1193 2423 Act.10.,
1219 2353 1254 2407 et
1628 2369 1691 2458 Ge
1733 2372 1771 2459 S
1797 2373 1967 2458 alanno

264 2437 401 2506 visione
424 2439 650 2508 confirmatus
671 2454 737 2510 est:
773 2453 891 2510 nmen
912 2453 1032 2532 postea
1057 2435 1252 2512 haesitavit.
1692 2433 1703 2458 '
1765 2405 1794 2486 Ρ
1969 2433 1980 2458 ”

263 2535 339 2610 Cur
371 2561 437 2608 nos
472 2553 603 2610 temere
634 2539 930 2632 pronuntiemus?
994 2539 1042 2610 Et
1072 2537 1252 2610 Salomon
1374 2565 1515 2638 serape
1535 2567 1911 2639 cenomannenses„
1930 2565 2056 2642 ptest.
2092 2565 2302 2651 &prorsum

264 2639 419 2732 scripsit:
436 2727 440 2734 ⁵
460 2636 543 2722 „In
569 2637 739 2711 Ecclesia
768 2665 842 2712 non
866 2640 920 2712 sis
945 2637 1051 2712 veios
1072 2637 1128 2712 nd
1152 2638 1254 2712 iudi·
1407 2585 1689 2758 '‘flend-vulpe
1708 2635 1737 2690 ³³
1756 2637 1940 2696 buchost.
1960 2635 2300 2710 &sciptummcotleec
2337 2691 2344 2712 .

264 2733 422 2810 candum
437 2735 480 2810 de
494 2741 722 2814 sermonibus
735 2739 829 2822 Dei,
856 2766 900 2812 ne
915 2737 1099 2840 desperes,
1123 2745 1254 2837 inquit,
1467 2709 1535 2758 ‘¹¹⁸¹'
1583 2723 1599 2758 ⁰
1615 2743 1620 2757 '
1652 2743 1660 2760 ⁸
1679 2726 1707 2780 Ρ·
1723 2707 1783 2764 ¹⁸²⁶

264 2839 520 2942 inquirerem
547 2839 642 2913 Deo.
707 2841 839 2914 ltennn
867 2867 948 2916 curn
978 2838 1125 2914 Paulus
1155 2847 1254 2930 dicit,
1541 2855 1746 2960 Georgh,
1778 2859 2057 2963 Spanum,
2150 2847 2156 2856 “

259 2939 793 3120 iiiiii'la‘ii‘tnli‘imd
908 2939 1048 3038 “fii
1069 2945 1156 3015 ‘⁸‘·”
1212 2945 1253 3016 ⁸³
1305 2977 1408 3090 Ero
1435 2993 1717 3094 minutatim,
1750 3001 2301 3096 contaminarem

664 3061 742 3118 aet
766 3049 934 3131 doceant,
965 3071 1040 3116 non
1060 3049 1190 3117 docent
1211 3069 1257 3115 ex·
1304 3123 1349 3168 ne
1374 3113 1506 3169 veteres
1532 3123 1653 3170 causas
1674 3119 1867 3175 moverem
1885 3098 1895 3179 ,Α
1927 3097 2029 3172 ΝΜ
2060 3082 2245 3194 prdfldifflr
2261 3097 2300 3200 ι),

262 3149 348 3233 fide,
381 3149 442 3216 sed
465 3163 656 3240 peccatum.
713 3147 787 3218 Has
804 3147 1066 3220 admonitiones
1090 3143 1254 3218 homines
1333 3201 1341 3218 .

261 3271 336 3318 „on
361 3261 611 3334 contemnum,
642 3249 704 3344 quq
725 3263 807 3320 sum
827 3249 1013 3321 sanabiles·
1071 3247 1146 3337 Qui
1167 3273 1253 3320 eon.
1305 3201 1945 3326 npsiutpeptnrbenturconscientiae
1962 3205 2169 3274 multorum.
2219 3207 2300 3275 hu-

261 3363 444 3436 temnunt,
475 3351 714 3421 vociferantur
746 3351 899 3422 multum
930 3353 975 3420 de
1005 3349 1243 3422 Sacramentis
1303 3327 1427 3374 ’‘⁰²¹⁶''
1442 3327 1613 3396 ’‘uim''
1627 3299 1679 3398 μὴ
1695 3301 1874 3398 κινητέον·
1916 3303 2025 3396 Leges
2041 3305 2299 3396 impmmmm

471 3463 486 3521 t
700 3453 710 3469 .
754 3452 763 3470 .
852 3453 861 3470 .
1204 3404 1253 3520 H?
1305 3405 1359 3475 illi
1376 3405 1581 3494 ignoscunt,
1605 3406 1667 3498 qni
1684 3421 1826 3500 neptem
1842 3407 1942 3478 duxit
1959 3406 2111 3476 insciens
2130 3419 2166 3476 et
2181 3407 2252 3479 tam
2267 3405 2299 3502 ²)

262 3466 296 3522 εἰ
316 3473 469 3570 ‘mariun
511 3474 573 3522 ⁸⁰³¹
596 3475 732 3572 “immi
750 3477 790 3572 in
813 3475 982 3524 mserum
1008 3451 1163 3592 iilgm'·
1241 3477 1253 3520 ¹
1304 3507 1367 3574 din
1381 3503 1509 3576 habuit
1527 3529 1672 3576 uxorem
1689 3519 1722 3576 et
1739 3533 1781 3577 ex
1796 3533 1835 3578 ea
1851 3509 2004 3599 suscepit
2023 3508 2166 3579 liberos.
2205 3505 2301 3578 For·
2337 3504 2348 3516 “

261 3575 335 3624 non
357 3565 535 3642 agitantur
555 3553 653 3623 bono
674 3569 820 3644 spiritu,
852 3553 911 3624 sed
936 3567 1093 3622 novrtate
1113 3553 1253 3623 ducun-

261 3668 331 3731 tur.
383 3651 476 3726 Sunt
492 3655 587 3725 enim
605 3649 767 3726 homines
783 3655 909 3724 incerti
924 3655 1139 3727 clamatores.
1174 3651 1251 3744 Ego

259 3749 377 3826 adbuc
401 3755 578 3826 neminem
602 3757 774 3848 comperi,
818 3779 863 3826 ne
886 3745 1148 3828 Caristudium
1171 3757 1252 3849 qni-

260 3859 362 3940 dem,
395 3857 455 3949 qui
479 3858 612 3928 diceret
631 3881 668 3926 sc
689 3881 763 3927 esse
783 3871 917 3928 certum
932 3858 976 3926 de
993 3879 1055 3926 sua
1071 3859 1251 3950 opinione.

259 3955 383 4052 Neque
400 3957 544 4044 dubito,
576 3959 607 4028 si
623 3959 717 4030 inter
733 3960 814 4028 illos
829 3973 913 4030 sunt
928 3957 1101 4045 saniores,
1133 3959 1252 4028 veniet

210 4103 217 4110 -
259 4057 310 4128 eis
335 4081 437 4150 saepe
459 4059 496 4128 in
519 4073 692 4141 mentem,
725 4061 801 4131 lieri
824 4081 944 4156 posse,
976 4071 1021 4130 ut
1046 4060 1091 4130 sit
1112 4061 1251 4130 diversa

259 4159 432 4232 sententia
450 4184 544 4230 vera.

1304 3609 1404 3677 tassia
1421 3603 1487 3678 hoc
1505 3609 1702 3699 exemplum
1719 3587 1761 3677 in¹
1773 3605 1842 3680 hoc
1858 3603 2030 3679 Erholdc‘
2041 3605 2077 3778 ’Ξ
2093 3631 2174 3677 casu
2198 3611 2300 3704 sequi

1305 3709 1409 3780 iudex
1430 3707 1551 3802 possit.
1602 3705 1716 3800 Agam
1739 3713 1858 3806 itaque
1877 3737 1957 3782 cum
1970 3703 2050 3780 Luc
2080 3731 2141 3778 ero
2165 3711 2209 3778 de
2232 3705 2301 3780 hac

1304 3835 1352 3884 re.
1406 3811 1546 3900 Quaeso
1564 3823 1617 3894 te,
1650 3832 1695 3880 ne
1713 3835 1853 3882 moveas
1870 3807 2073 3884 huiusmodi
2090 3823 2206 3899 vetera
2231 3836 2301 3882 ne-

1304 3913 1417 4002 gotia,
1444 3914 1505 3980 sed
1527 3907 1689 3982 adhibito
1703 3937 1778 3984 uno
1795 3927 1899 4006 atque
1914 3913 2024 3984 altero
2037 3913 2227 3984 virobono
2245 3927 2298 3984 te-

1283 4037 1380 4102 gas,
1408 4025 1581 4108 quantum
1598 4015 1692 4084 bona
1709 4015 1922 4086 conscientia
1940 4015 2016 4086 lieri
2035 4027 2159 4106 potest.
2212 4007 2299 4086 Lu-

1304 4109 1428 4183 therns
1461 4115 1605 4210 quidem
1626 4109 1743 4186 adhuc
1766 4110 1993 4188 vehementer
2016 4117 2217 4202 contendit,
2259 4131 2300 4188 ut

1305 4211 1478 4290 distrahas
1507 4217 1591 4288 istos
1611 4215 1651 4312 ⁸).
1716 4213 1861 4288 Caetera
1886 4219 2026 4309 negotia
2051 4217 2117 4290 tibi
2140 4217 2299 4294 remitto.

1303 4313 1404 4388 Nihil
1429 4320 1571 4410 prodest
1592 4317 1744 4388 scribere
1773 4319 1818 4387 ad
1843 4317 2044 4390 facultatem
2072 4317 2298 4404 luristarum,

1303 4421 1362 4488 sed
1399 4419 1545 4492 debebis
1577 4419 1742 4510 deinceps
1776 4419 1937 4506 scribere¹
1960 4419 2185 4512 simpliciter:
2227 4411 2298 4490 den

267 4559 324 4634 No
350 4561 426 4634 652
1083 4573 1126 4634 13
1162 4561 1241 4628 Febr
1300 4511 1698 4614 Rechtsvcrstiindigen
1720 4515 1783 4590 des
1799 4514 2043 4592 Scichsischen
2059 4513 2298 4620 Oderhosge-

266 4615 438 4690 „so-..2
1071 4609 1250 4687 *ὲκ-μ’
1303 4613 1427 4692 richts.
1478 4621 1571 4692 Sunt
1587 4623 1682 4691 enim
1704 4623 1743 4690 in
1757 4623 1940 4709 facultate,
1971 4625 2034 4720 qui
2055 4623 2093 4692 in
2110 4615 2167 4694 his
2182 4623 2299 4694 causis

535 4747 683 4834 pom
713 4743 959 4834 camerario
1301 4724 1410 4796 nimis
1441 4723 1620 4794 mordicus
1652 4723 1808 4794 retinent
1838 4746 1921 4796 suos
1944 4723 2145 4798 decretales.
2204 4721 2298 4794 Vale

961 4809 973 4876 ‘-
1300 4825 1458 4896 feliciter·
1497 4823 1554 4897 18.
1570 4821 1756 4894 Februarii
1774 4819 1884 4899 1530.

328 4939 411 5015 Epist.
425 4939 459 4998 sd
472 4939 611 4998 meror.
632 4957 659 5015 p.
674 4939 733 4998 til·

1301 5011 1518 5032 ψ

354 5107 594 5186 lonchimo
618 5105 814 5186 Camers
828 5111 896 5186 rio
920 5107 1153 5208 Noribergae
1333 5125 1361 5194 r)
1379 5121 1514 5176 Lonorio
1528 5117 1649 5190 &lurp
1685 5119 1718 5176 c.
1734 5115 1791 5174 W.

256 5241 302 5336 S·
316 5259 364 5340 D.
419 5259 566 5336 Accedit
589 5261 735 5350 Caesar,
778 5275 812 5334 et
830 5263 1046 5334 veniendum
1070 5263 1174 5332 nobis
1197 5277 1250 5333 est
1349 5217 1673 5378 gffihggqesffiw

257 5365 463 5456 Augustam.
516 5363 606 5436 lstac
628 5365 736 5455 igitur
755 5365 995 5440 transibimus.
1045 5363 1106 5436 Tu
1127 5359 1249 5458 hospi·
1349 5390 1380 5460 a)
1398 5383 1992 5456 nm„{aspepenntomcsesamron

258 5467 347 5540 num
369 5479 503 5561 parato.
552 5461 635 5538 Eric
657 5479 772 5540 autem
798 5461 889 5536 mibi
907 5467 1124 5540 manendum
1145 5466 1247 5564 qussi
1318 5480 2179 5562 1quandonam.rosanenscspmcom:
