4872 6272
45 439 47 448 ¹
92 345 170 420 ‘aaa
643 337 1096 420 :annonarum
1153 339 1261 414 mn.
1296 337 1376 414 ur.
1430 336 1564 438 rosa.
2048 339 2128 418 'oro

101 527 216 602 ratur,
244 537 353 611 quam
374 529 417 588 ut
434 511 570 588 Christi
590 515 939 608 gloria'illustretur,
971 527 1006 586 et
1027 501 1101 606 pia‘
1137 511 1373 596 severatnms',
1404 532 1511 604 quam
1532 511 1572 580 in
1596 505 1987 606 comitiis'rlugustanis
2007 538 2125 592 coram

101 641 137 688 ac
164 639 250 687 sana
280 619 443 688 doctrina
473 617 606 688 divinis
629 619 742 718 literis
764 629 999 688 consentanea
1020 617 1086 686 toti
1138 609 1311 686 lusictiss.
1335 626 1371 682 et
1392 610 1614 686 Clementiss.
1634 609 1783 686 Caesare
1806 631 1841 686 et
1869 631 1943 688 toto
1974 619 2124 714 imperio

102 719 177 790 orbi
198 718 416 794 restituatur.
473 716 522 790 Et
544 732 748 814 quanquam
771 715 941 790 hactenus
964 739 1086 808 graves
1136 737 1285 783 mmano
1302 726 1503 783 constanter
1519 715 1751 786 adseruerunt
1766 729 1799 788 ct
1814 719 1965 788 confessi
1980 735 2074 796 suno

101 819 266 905 iniurias,
295 822 465 892 maximas
480 817 602 892 ruinas
616 835 651 892 et
662 821 779 892 varias
794 821 1022 890 adversitates
1041 820 1086 888 ab
1234 813 1288 886 Ac
1301 814 1385 884 licet
1400 814 1438 884 in
1455 809 1667 901 Germania,
1694 817 1886 908 impulsore
1902 815 1997 890 haud
2015 823 2123 896 dubie

101 921 158 1006 iis,
190 917 453 1014 qniEvangelii
475 921 675 992 doctrinam
695 925 867 1006 oderunt,
899 920 1033 1014 experti
1052 933 1087 990 et
1137 913 1231 984 m'alo
1269 915 1389 1006 aliquo
1430 918 1620 1002 daemone,
1670 917 1778 1010 impia
1810 915 2122 1012 Anabaptistarum

101 1022 254 1115 perpessi
286 1035 388 1110 sunt,
434 1037 553 1096 tamen
584 1025 642 1094 dei
671 1023 843 1095 beneficio
873 1045 916 1092 eo
949 1045 1086 1113 semper
1136 1016 1240 1090 faeno
1257 1017 1401 1086 suborta
1420 1017 1545 1102 fuerit,
1563 1031 1682 1088 tamen
1698 1013 1790 1090 hanc
1803 1017 1985 1114 Principes
2007 1039 2042 1094 et
2060 1027 2121 1096 alii
2176 1051 2181 1058 ·

101 1123 218 1193 auimo
247 1125 414 1205 fuerunt,
459 1137 500 1194 ut
526 1147 646 1194 veram
676 1122 859 1214 religionis
888 1121 1086 1193 doctrinam
1135 1117 1376 1220 confoederati
1389 1117 1514 1186 inanis
1528 1119 1715 1188 ducatibus
1728 1135 1834 1216 atque
1846 1124 2015 1194 dominiis
2028 1151 2123 1196 non·

101 1225 200 1295 nullo
216 1225 324 1295 modo
341 1225 577 1296 abiiciendam
597 1227 659 1296 sed
677 1223 795 1318 potius
811 1247 881 1316 pro
903 1245 966 1294 sua
990 1221 1087 1292 virili
1137 1239 1244 1310 quam
1260 1219 1441 1288 ferendam
1462 1233 1693 1304 censuerunt,
1726 1225 1785 1290 sed
1812 1221 1913 1294 iustis
1936 1239 1971 1296 et
1994 1227 2124 1298 severis

102 1327 358 1396 defendendam
391 1339 426 1398 et
451 1329 713 1418 propagandam
742 1325 925 1411 duxerint,
964 1324 1086 1396 conlisi
1137 1319 1262 1410 poenis
1283 1320 1451 1388 adversus
1472 1341 1550 1404 eos,
1589 1320 1653 1412 qui
1674 1344 1694 1390 a
1714 1344 1778 1392 suo
1803 1324 1923 1394 surore
1947 1327 2124 1400 discedere

101 1423 234 1497 Christi
263 1427 498 1518 benignitate,
531 1431 629 1522 quod
660 1423 745 1498 huic
779 1449 903 1497 causae
934 1423 1017 1496 fidei
1048 1449 1088 1494 ac
1137 1419 1351 1500 noluerunt,
1377 1419 1432 1490 usi
1450 1433 1544 1494 suut.
1594 1418 1671 1490 lmo
1688 1416 1773 1492 haec
1794 1423 1868 1516 ipsa
1890 1427 1996 1498 factio
2019 1429 2057 1498 in
2079 1417 2126 1500 iis

102 1517 275 1618 evangelii
289 1523 364 1598 n'on
379 1529 564 1600 defutums
581 1543 680 1602 esset.
732 1526 790 1600 Ad
807 1523 876 1598 hoe
898 1539 1088 1610 noverunt,
1138 1521 1225 1589 locis
1247 1523 1402 1612 primum
1429 1521 1564 1612 erupit,
1604 1522 1669 1592 ubi
1692 1523 1827 1594 sincera
1846 1521 2034 1618 Evangelii
2059 1533 2124 1602 do-

101 1651 137 1700 se
151 1628 288 1699 nemini
301 1631 345 1698 ad
361 1631 447 1701 tales
460 1629 608 1700 iniurias
625 1644 661 1702 et
680 1629 912 1701 contumelias
933 1626 1089 1698 occasio-
1140 1621 1252 1691 ctrina
1266 1616 1444 1712 prohibita
1466 1622 1553 1706 fuit,
1582 1635 1617 1692 et
1637 1647 1677 1692 ea
1698 1626 1921 1714 potissimum
1938 1631 2015 1700 loca
2032 1629 2125 1702 Ger-

100 1751 183 1799 nem
197 1743 259 1801 aut
274 1729 413 1802 causam
434 1732 545 1802 ullam
567 1731 789 1823 praebuisse,
816 1730 888 1798 nisi
911 1725 980 1798 hoc
1000 1729 1089 1820 ipso,
1140 1724 1297 1802 maniae,
1330 1723 1370 1790 in
1387 1723 1515 1814 quibus
1532 1723 1652 1792 nullus
1667 1739 1718 1795 est
1734 1727 1832 1796 locus
1846 1728 1978 1800 saniori
1993 1734 2124 1804 doctri·

102 1832 196 1924 quod
213 1831 342 1924 impios
358 1833 472 1902 cultus
493 1845 528 1902 et
541 1832 668 1924 impias
682 1833 888 1924 opiniones,
911 1830 1090 1922 pernicio·
1140 1847 1225 1908 nae,
1248 1836 1434 1915 pervagata
1448 1837 1500 1916 est
1511 1817 1560 1918 ⁴).

102 1933 353 2018 sasecclesiae,
385 1957 474 2027 quas
493 1931 786 2017 Ramnenses
810 1933 986 2015 defendit,
1021 1929 1089 1998 im·
1240 1922 1345 2012 Quod
1366 1947 1448 1994 vero
1462 1925 1507 1992 de
1523 1925 1673 1996 concilio
1689 1925 1857 1998 Serenlss.
1872 1927 1984 2022 Regia
1999 1931 2126 2026 Digni-
2158 1987 2161 1998 .

61 2070 65 2083 ι
101 2034 269 2125 probari,
308 2047 342 2104 et
372 2055 476 2105 verae
504 2034 644 2127 pietatis
669 2035 869 2106 doctrinam
900 2031 1091 2102 instaurari
1141 2039 1194 2098 tas
1206 2023 1390 2117 Principes
1407 2037 1443 2094 et
1458 2023 1734 2098 Confoederatos
1753 2045 1914 2102 amanter
1930 2033 2127 2108 monendos

100 2133 196 2226 passi
213 2129 358 2232 santii).
674 2205 680 2216 ,
1142 2128 1295 2210 censuit,
1331 2150 1377 2194 ne
1399 2149 1438 2196 ea
1460 2127 1498 2194 in
1518 2151 1557 2196 re
1578 2127 1718 2198 insidiis
1740 2127 1810 2205 Ro.
1832 2129 2032 2220 Pontificio,
2065 2139 2127 2232 qui

204 2232 279 2304 Nec
302 2235 625 2312 dubitetSereniss.
640 2234 718 2309 Rex
734 2231 903 2328 Angliae,
933 2235 1022 2330 quin
1041 2231 1093 2303 ll·
1143 2229 1239 2298 aliud
1262 2227 1443 2296 simularet
1473 2241 1507 2297 et
1532 2229 1630 2300 aliud
1652 2245 1783 2320 ageret,
1819 2255 1856 2302 se
1878 2235 2128 2308 circumeniri

100 2334 253 2408 lustriae.
269 2333 453 2428 Principes
466 2361 506 2407 ac
520 2351 631 2409 status
650 2339 890 2408 confoederati
912 2361 951 2407 ea
975 2347 1093 2405 mente
1144 2341 1363 2421 paterentur;
1387 2323 1552 2399 namhoc
1566 2331 1716 2400 maxime
1731 2357 1811 2402 eum
1826 2357 1946 2424 agere,
1972 2351 2012 2408 ut
2026 2363 2128 2432 prae-

98 2459 141 2506 ac
165 2435 351 2508 voluntate
371 2439 459 2524 sint,
489 2453 548 2524 ut,
581 2441 880 2532 quemadmodum
904 2439 962 2508 dei
985 2437 1093 2506 bene·
1143 2444 1241 2500 textu
1255 2427 1396 2499 concilii
1412 2427 1528 2520 Reges
1544 2445 1579 2500 et
1592 2429 1774 2524 Principes
1795 2434 1889 2506 inter
1909 2461 1945 2508 se
1969 2441 2129 2512 commit·

98 2536 181 2606 licio
220 2537 403 2608 veritatem
434 2540 609 2630 evangelii
640 2541 746 2610 semel
771 2552 1012 2631 agnoverunt,
1045 2539 1094 2608 ita
1145 2545 1254 2614 teret,
1289 2554 1330 2600 ac
1351 2529 1484 2602 bellum
1502 2531 1598 2602 inter
1619 2527 1829 2606 christianos
1854 2537 2042 2634 plusquam
2073 2543 2131 2612 iu-

98 2633 211 2708 etiam
233 2638 272 2708 in
293 2634 360 2708 hac
385 2653 503 2711 sancta
518 2639 625 2732 etpia
641 2640 801 2712 doctrina
818 2635 1038 2711 defendenda
1054 2661 1094 2707 ac
1146 2633 1312 2703 teatinum
1334 2631 1513 2700 excitauet:
1554 2632 1591 2702 id
1612 2658 1753 2730 quoque
1774 2635 1956 2731 Principes
1982 2655 2016 2712 et
2035 2639 2131 2714 Con-

98 2741 332 2830 propaganda
347 2763 489 2810 omnem
504 2765 666 2833 operam,
685 2759 806 2812 curam
822 2767 861 2812 ac
876 2741 1096 2832 diligentiam
1145 2732 1317 2804 foederati
1339 2733 1378 2800 in
1403 2731 1572 2822 optimam
1594 2749 1729 2826 partem
1749 2739 1937 2830 accipiunt.
1993 2739 2048 2814 A'c
2066 2769 2131 2815 no-

100 2863 167 2933 per
182 2863 327 2910 omnem
344 2841 452 2912 vitam
468 2838 684 2923 adhibituri,
710 2857 779 2914 eta
800 2843 946 2916 veritate
963 2841 1096 2934 agnita,
1146 2837 1228 2906 lunt
1248 2835 1380 2924 legatos
1397 2833 1494 2940 regis
1516 2829 1665 2926 Angliae
1688 2837 1818 2926 celare,
1851 2843 1947 2936 quod
1971 2833 2133 2918 Pontifex

101 2945 172 3014 deo
188 2942 374 3028 adiutore,
399 2943 500 3014 nullo
515 2935 621 3016 modo
639 2945 824 3016 discessuri
839 2945 920 3018 siut.
1147 2935 1254 3008 Rom.
1269 2929 1417 3004 Paulus
1429 2931 1516 3008 III.
1538 2937 1583 3005 ad
1598 2935 1845 3012 Rornanorum
1859 2965 1975 3032 regem
1993 2959 2027 3018 et
2042 2945 2136 3018 Ger-

209 3038 263 3112 Ac
280 3044 476 3114 iucundum
496 3046 564 3116 fuit
580 3049 705 3118 auditu
721 3043 900 3120 illustriss.
915 3041 1098 3134 Principi-
1147 3037 1287 3108 maniae
1308 3037 1485 3128 principes
1506 3060 1610 3108 suum
1632 3054 1808 3112 oratorem
1833 3045 1985 3130 miserit,
2015 3048 2136 3141 quide

102 3147 172 3216 bus
190 3145 386 3238 etreliquis
404 3147 660 3218 confoederatis
682 3149 848 3234 statibus,
882 3148 979 3242 quod
994 3144 1099 3216 Sere·
1150 3139 1395 3210 conciliorum
1414 3140 1499 3230 ipsis
1518 3155 1652 3230 ageret,
1682 3155 1722 3211 ut
1742 3144 1779 3214 id
1795 3143 1964 3216 Mantuae
1979 3149 2017 3216 in
2038 3147 2136 3220 ltalia

102 3247 191 3338 uiss.
208 3241 284 3316 Rex
303 3271 341 3314 ea
362 3247 543 3318 voluntate
560 3250 624 3334 sit,
650 3251 746 3342 quod
763 3251 835 3340 ipse
850 3271 992 3343 quoque
1006 3241 1100 3316 hanc
1146 3241 1400 3326 celebraretur;
1435 3241 1497 3334 qui
1515 3243 1659 3334 quidem
1675 3257 1796 3316 orator
1807 3243 1981 3318 Saxoniae
1995 3245 2139 3322 Electo-

100 3348 282 3416 sinceram
319 3349 516 3418 doctrinam
555 3365 660 3444 atque
700 3351 880 3441 negotium
918 3346 1101 3438 religionis
1150 3366 1227 3412 rem
1243 3365 1384 3436 quoque
1399 3343 1581 3428 convenit,
1613 3357 1646 3412 et
1663 3347 1840 3434 pontilicis
1856 3351 2072 3422 voluntatem
2094 3353 2178 3429 de.

99 3473 246 3520 summa
270 3447 454 3537 diligentia
476 3450 598 3520 iuvare
624 3451 724 3537 velit',
765 3477 805 3521 ac
828 3451 932 3522 etiam
959 3463 1003 3532 ut
1022 3445 1102 3520 Ro·
1152 3441 1317 3516 habendo
1333 3443 1484 3514 concilio
1503 3439 1804 3518 eiusCelsitudini
1826 3452 2004 3540 exposuit,
2036 3467 2140 3547 atque

99 3549 206 3620 mani
223 3547 407 3619 Pontificio
423 3551 702 3622 iurisdictionem
719 3567 753 3624 et
776 3554 1000 3648 tyrannidem
1020 3563 1102 3620 tan·
1151 3545 1315 3638 promisit
1329 3545 1506 3634 generale,
1537 3540 1770 3618 christianum
1795 3561 1829 3620 et
1848 3550 2001 3622 liberum
2022 3555 2139 3624 conm-

98 3675 215 3744 quam
234 3664 338 3741 caput
353 3651 469 3719 omnis
484 3653 675 3742 impietatis
701 3653 976 3723 etidololatriae
999 3675 1017 3720 e
1038 3674 1101 3720 suo
1152 3649 1241 3718 lium
1258 3647 1429 3718 futurum.
1478 3645 1546 3716 Cui
1562 3643 1706 3718 Elector
1720 3649 1894 3722 Saxoniae
1916 3649 1982 3723 hoc
2004 3667 2139 3726 tautum

100 3775 217 3840 regno
236 3751 444 3841 exstirparet
451 3777 460 3837 ;
484 3767 594 3846 utque
610 3743 649 3821 in
664 3747 728 3833 liae
742 3755 915 3824 sententia
932 3751 1101 3823 Sereniss.
1152 3748 1353 3838 respondit,
1391 3747 1488 3841 quod
1509 3771 1547 3816 re
1562 3749 1754 3820 deliberata
1770 3775 1850 3821 eum
1866 3755 1938 3822 sois
1954 3757 2141 3827 confoede-

99 3855 184 3930 Rex
201 3854 393 3944 perduret,
418 3867 606 3942 precantur
621 3869 655 3926 et
669 3869 802 3948 optant.
1153 3849 1239 3920 ratis
1258 3849 1296 3916 in
1314 3871 1415 3918 causa
1432 3849 1614 3939 religionis
1630 3851 1674 3918 de
1690 3873 1750 3920 sua
1767 3866 1800 3922 et
1815 3855 2140 3927 confoederatorum

208 3951 262 4024 Et
276 3955 370 4046 quod
388 3951 500 4042 Regia
514 3953 680 4045 Dignitas
695 3951 858 4028 hortatur
871 3951 1054 4044 Principes
1069 3965 1103 4022 et
1154 3950 1328 4020 sententia
1351 3950 1466 4040 ipsum
1488 3973 1594 4044 quam
1611 3951 1764 4040 primum
1784 3954 1967 4024 certiorem
1982 3959 2142 4030 redditu-

95 4059 194 4128 alios
213 4055 484 4126 confoederatos
499 4059 543 4124 ad
558 4057 784 4126 concordiam
801 4057 951 4126 solidam
972 4069 1007 4126 et
1027 4055 1103 4126 siu·
1155 4075 1216 4121 rus
1231 4063 1330 4120 esset.
1379 4047 1446 4134 Et,
1471 4065 1510 4120 ut
1525 4052 1631 4138 legati
1646 4048 1779 4142 Regiae
1792 4051 1965 4143 Dignitati
1984 4058 2142 4129 iudicare

95 4183 225 4229 ceram
253 4155 293 4223 iu
316 4179 418 4224 causa
441 4157 623 4246 religionis
650 4157 949 4240 constituendam,
989 4181 1033 4225 ne
1063 4179 1105 4224 ex
1155 4153 1247 4224 clare
1266 4151 1420 4243 possint,
1450 4153 1536 4246 quid
1557 4165 1677 4221 orator
1696 4151 1904 4226 Pontificius
1926 4159 1970 4228 de
1991 4161 2142 4232 concilio

93 4256 334 4331 dissensione
362 4261 565 4346 dogmatum
595 4257 652 4329 vel
678 4259 852 4330 scandalis
874 4278 974 4328 causa
1002 4279 1104 4348 prae-
1156 4253 1396 4344 proposuerit,
1427 4265 1460 4322 et
1481 4253 1567 4346 quid
1584 4247 1728 4322 Elector
1743 4255 1873 4328 Saxon.
1898 4281 1937 4328 ac
1954 4260 2015 4329 alii
2034 4259 2143 4332 Prin-

92 4366 259 4444 beatur,
295 4359 352 4426 vel
376 4359 585 4428 adversariis
604 4359 739 4430 occasio
763 4362 868 4430 detur
892 4352 1015 4428 contra
1040 4359 1106 4426 do-
1156 4356 1299 4445 ciperet
1318 4365 1430 4423 status
1452 4353 1689 4424 confoederati
1711 4351 1775 4424 hac
1795 4358 1839 4426 de
1862 4381 1901 4429 re
1924 4361 2142 4433 deliberave-

93 4465 265 4534 ctrinaru
290 4459 463 4546 evangelii
483 4461 618 4554 aliquid
640 4461 831 4542 moliendi,
871 4455 940 4528 hoc
964 4481 1105 4552 quoque
1156 4457 1248 4539 rint,
1273 4467 1378 4548 atque
1393 4455 1524 4524 oratori
1543 4453 1648 4526 Rom.
1667 4453 1867 4544 Pontificis,
1896 4462 1996 4532 cuius
2019 4465 2141 4534 dolum

97 4563 296 4637 illustriss.
325 4557 508 4651 Principes
539 4577 573 4633 et
604 4562 674 4654 alii¹
696 4565 840 4632 ordines
868 4559 1105 4632 confoederati
1156 4570 1192 4627 et
1214 4556 1361 4624 insidias
1382 4569 1563 4646 praetextu
1587 4557 1729 4626 concilii
1763 4553 1858 4629 haud
1890 4563 2038 4634 obscure
2064 4565 2144 4636 ani-

94 4668 250 4758 optimo
283 4685 322 4729 ac
351 4661 555 4732 fidelissimo
587 4663 705 4733 animo
734 4687 752 4733 a
782 4661 896 4754 Regia
925 4661 1106 4751 Dignitate
1156 4660 1438 4740 medantinum,
1478 4655 1764 4747 respondendum
1796 4661 2047 4750 iudicaverint,
2079 4693 2143 4736 vo-

93 4770 178 4839 fleri
198 4759 300 4834 nihil
317 4764 492 4836 dubitant.
542 4761 666 4858 Neque
682 4789 765 4833 vero
778 4765 866 4856 ipsi,
900 4765 1017 4857 quiin
1041 4755 1105 4830 hac
1156 4760 1263 4829 luisse
1287 4759 1382 4850 ipsos
1411 4761 1607 4850 exemplum
1631 4761 1673 4828 ad
1698 4757 1786 4849 Reg.
1808 4759 1942 4853 Dignit.
1963 4769 2143 4839 transmit.

92 4866 424 4940 confoederatione
446 4861 814 4955 comprehenduntur,
853 4865 948 4934 inter
975 4887 1010 4932 se
1039 4887 1107 4932 no·
1157 4876 1247 4944 tere,
1273 4885 1313 4931 ac
1329 4871 1471 4950 petunt,
1495 4875 1536 4930 ut
1556 4860 1661 4948 legati
1686 4859 1722 4929 id
1745 4883 1861 4932 secum
1882 4866 2071 4958 accipiant,
2104 4891 2143 4938 ac

92 4982 244 5042 verunt
276 4966 391 5033 ullum
423 4959 496 5034 isse
523 4965 704 5036 doetrinae
734 4980 795 5037 aut
822 4966 1033 5057 opinionum
1067 4963 1106 5032 in
1156 4961 1290 5050 Regiae
1312 4959 1419 5049 Dign.
1440 4961 1661 5030 reddendum
1681 4975 1815 5056 curent.
1880 4961 1935 5036 Ex
1959 4963 2026 5040 hoc
2048 4969 2143 5038 enirn

91 5095 211 5144 causa
240 5067 326 5136 iidci
349 5067 554 5150 dissidium,
587 5091 628 5138 ac
650 5081 808 5162 sperant,
845 5069 911 5136 deo
933 5067 1107 5148 adiutore,
1157 5061 1404 5134 Serenianum
1420 5061 1610 5151 intelliget,
1640 5063 1727 5156 quid
1749 5065 1927 5157 principes
1948 5081 1982 5139 et
2003 5071 2145 5141 confoe-

91 5201 132 5246 se
158 5168 363 5260 unanimes
384 5181 488 5260 atque
511 5171 702 5239 concordes
720 5167 759 5238 in
786 5193 827 5240 ea
847 5169 1007 5239 doctrina
1027 5189 1108 5257 per-
1156 5163 1270 5234 derati
1293 5162 1420 5232 detali
1442 5163 1592 5233 concilio
1616 5163 1779 5240 sentiant.
1831 5163 1939 5256 Quod
1955 5169 2050 5242 enim
2065 5195 2145 5243 οη-

93 5334 327 5358 Μ
356 5349 360 5360 .
1158 5329 1384 5352 ...a—a—

129 5447 163 5508 a)
189 5435 311 5492 verber
334 5433 409 5500 qaod
422 5435 524 5502 numos
536 5435 690 5489 ffltusetc.
708 5431 1107 5490 mannMelantlscnisadrcri-
1192 5431 1223 5501 ¹³)
1241 5427 1344 5482 Verbas
1376 5423 1439 5479 fmo
1457 5427 1524 5508 irrep
1542 5425 1605 5490 ipso
1622 5425 1710 5492 sauro
1724 5433 1774 5480 etc.
1799 5425 1849 5482 alia
1867 5429 2023 5502 cuiusdam,
2054 5429 2146 5488 neseio

170 5511 322 5580 pessunt·
357 5526 362 5538 ·
1228 5497 1651 5563 euiusmmuaannpuauns.

91 5592 299 5666 dlrnaarn.
316 5579 418 5645 Orsa.
444 5579 529 5644 Vox..
543 5577 587 5644 11.
807 5609 812 5618 ·
1304 5571 1354 5644 52
