4942 6266
132 287 206 362 ιιι
527 225 563 250 ”
710 279 1153 368 erroronannu
1204 241 1394 366 assu
1447 281 1581 368 raso.
1756 247 1762 257 “
2086 249 2248 366 aas*

131 477 216 528 esse.
277 451 395 532 Aiunt
416 455 580 541 muniunt
620 455 654 532 ti
676 454 872 532 conductus
893 417 1124 549 quantaipse
1174 477 1292 534 nores
1313 479 1370 527 nse
1391 455 1459 531 tibi
1476 453 1566 540 mei,
1600 475 1689 548 quos
1706 447 1818 534 ltnbes
1832 459 2050 544 sausnotos,
2075 481 2161 550 pur.

131 558 302 630 voluisset
331 557 480 652 petuma
508 554 648 656 aPapa
672 571 797 658 esset,¹
820 569 1007 652 nunqnam'
1026 556 1124 629 illim
1173 571 1268 648 gent.
1329 556 1512 652 Quicquid
1544 555 1695 646 egimus,
1734 559 1869 647 egimus
1901 560 2160 640 communicato

130 659 413 730 dominationem
434 657 563 731 melius
584 659 740 758 potuisse
762 681 927 732 asserere.
985 655 1124 728 Vocant
1174 659 1323 733 concilio
1339 683 1419 734 cum
1433 655 1508 738 his,
1540 657 1602 750 qui
1619 657 1725 730 simul
1739 653 1894 740 adhibiti
1911 663 2053 738 suntad
2072 655 2160 739 ‚haec

127 761 277 858 quidam
299 751 572 850 Achitophelica
590 759 753 848 consilia5
792 759 871 844 alii,
911 758 973 854 qui
998 759 1123 828 mode·
1172 759 1324 850 negotia.
1374 761 1498 832 Sicnbi
1513 759 1678 849 priuatim
1692 759 1886 841 collocutus
1898 786 1976 833 snm
1990 787 2069 836 cum
2086 766 2160 854 pri-

129 861 256 932 stiores
272 873 375 945 utut,
393 856 593 946 Erasmicm
624 875 666 932 ut
678 883 742 952 ego
755 874 840 952 puto
856 857 1000 954 proprio
1017 859 1121 930 illius
1141 893 1142 896 ¹
1173 863 1283 946 votis,
1309 863 1345 930 id
1362 863 1405 932 ad
1422 862 1511 932 alios
1524 855 1617 930 nibil
1630 861 1785 950 pertinet
1793 854 1843 960 ¹⁵).
1891 859 1942 940 Et
1954 863 2000 936 ab
2012 887 2055 934 eo
2070 877 2160 948 tarn·

129 959 244 1034 Neruo
279 963 375 1034 enim
407 959 513 1034 aliter
542 962 668 1046 scutit,
713 985 819 1054 quam
856 959 959 1030 illum
992 974 1120 1029 contra
1172 985 1275 1054 pore,
1302 985 1430 1056 euquo
1447 963 1546 1044 abes,
1567 973 1707 1054 tantum
1721 963 1786 1037 otii
1803 963 1960 1044 nonfuit
1974 965 2098 1052 nobis,
2118 981 2159 1044 nt

129 1063 295 1138 iarunium
315 1062 552 1148 voluntatem,
585 1063 857 1139 reclamantibus
878 1061 981 1164 etipm
1002 1073 1121 1152 apeme
1172 1063 1338 1153 privatim
1359 1085 1439 1142 curn
1460 1063 1536 1132 ullo
1558 1081 1696 1153 possem
1714 1063 1789 1134 ulla
1806 1066 1851 1136 de
1864 1088 1903 1136 re
1917 1068 2157 1150 commentari.

128 1163 346 1260 quibusdam
360 1163 584 1250 tortioribus,
609 1175 727 1234 tamen
745 1163 920 1264 obtinere,
946 1163 1042 1260 quod
1056 1185 1120 1232 vo·
1170 1162 1271 1236 Nulli
1292 1177 1510 1238 autentum
1525 1177 1625 1239 erant
1639 1157 1765 1246 harde
1782 1187 1820 1234 re
1834 1187 2032 1249 sermones,
2061 1189 2157 1244 nunc

127 1265 254 1349 luerit,
276 1275 313 1336 et
325 1263 548 1359 conditiones
561 1266 725 1357 perferre.
776 1261 942 1346 Addunt,
969 1261 1140 1354 proponi
1170 1265 1247 1337 neti
1270 1279 1373 1351 sunt,
1411 1279 1596 1358 postquam
1625 1265 1837 1354 patefactum
1861 1281 1932 1352 est,
1973 1268 2060 1360 quid
2092 1293 2158 1348 uos

126 1365 249 1436 munia
275 1365 440 1452 subdole3
480 1387 591 1460 pauca
611 1387 702 1450 esse,
738 1363 803 1434 ubi
834 1389 907 1434 non
935 1366 1117 1435 manifesta
1170 1369 1406 1441 concedemus
1426 1363 1623 1457 Episcopis.
1688 1363 1766 1434 Hoc
1788 1368 1879 1440 male
1899 1363 2003 1438 habet
2024 1371 2157 1446 scilicet

172 1480 268 1538 ccata
283 1465 412 1552 insint3
446 1490 521 1536 uon
539 1465 649 1541 tunae
667 1490 807 1541 cauum
835 1465 965 1552 ullam,
997 1489 1060 1534 cnr
1080 1465 1118 1532 in
1167 1469 1341 1560 quosdam
1371 1466 1691 1551 immoderatiores,
1712 1468 1833 1544 ,reddi
1864 1467 2156 1550 iurisdictionem,

125 1491 191 1638 iiis
229 1567 410 1658 angustias
443 1567 691 1642 declinaretur.
755 1565 966 1650 ¹liecitnntnr
1004 1567 1116 1658 capita
1165 1567 1304 1645 restitui
1319 1563 1508 1648 πολιτείαν
1521 1564 1812 1653 Ecclesiasticam,
1838 1562 1906 1649 hoc
1922 1569 2156 1662 interpretum

124 1667 394 1754 conditionum,
419 1682 669 1762 exasperantur
686 1668 815 1742 verbis.
866 1663 943 1755 Ego
960 1679 1043 1758 opto
1060 1691 1117 1736 ar·
1167 1681 1227 1738 tur
1251 1670 1513 1742 restitutionem
1538 1669 1790 1756 dominationis
1810 1667 2026 1757 Pontificius.
2083 1671 2157 1748 tte..

125 1766 466 1853 dentissimisvotis,
499 1781 539 1839 ut
560 1767 608 1840 ita
630 1771 673 1842 de
694 1769 864 1858 religione
885 1766 1009 1838 merito
1024 1759 1117 1836 Phi-
1168 1793 1237 1862 que
1254 1773 1401 1861 ignoro,
1432 1795 1496 1840 cur
1514 1783 1652 1839 tanturn
1670 1764 1941 1842 abhorreantab
1957 1767 2025 1842 hoc
2039 1775 2156 1842 consi.

125 1867 231 1968 lippo
247 1871 307 1940 liat
321 1869 473 1956 iniuria,
501 1895 610 1963 quam
631 1871 661 1940 si
682 1869 760 1941 lieri
777 1869 831 1940 illi
849 1869 973 1954 sciam,
1006 1867 1118 1938 maxi·
1167 1871 1230 1942 lio.
1277 1869 1393 1962 Aegre
1407 1871 1592 1962 patiuntur
1607 1869 1764 1942 civitates
1781 1873 1903 1942 reduci
1922 1874 1960 1942 in
1982 1875 2088 1946 urbes
2110 1875 2156 1942 il-

123 1996 273 2064 mopere
288 1969 467 2062 indignor.
518 1969 831 2064 Cupioigiturabs
848 1983 881 2042 te
899 1987 1136 2072 cognoscere,
1167 1972 1239 2042 lam
1266 1969 1527 2065 Episcoporum
1561 1971 1858 2041 dominationem·
1915 1971 1964 2044 Er
1983 1975 2154 2066 sapiunt,

123 2075 155 2144 si
185 2073 279 2172 quid
308 2067 438 2147 habeas
453 2087 684 2164 compertum
709 2073 756 2150 de
785 2071 858 2142 illis
882 2071 998 2144 rebus.
1063 2067 1136 2152 De,
1167 2075 1227 2146 sed
1248 2079 1403 2166 qno-ore
1432 2073 1621 2164 eripiemus
1649 2073 1717 2158 cis,
1752 2073 1781 2140 si
1804 2073 1909 2142 nobis
1929 2078 2154 2166 permiserint

121 2175 245 2244 missis
261 2173 411 2266 privatis
431 2172 552 2244 audivi
574 2173 734 2269 omnium
754 2171 906 2252 manime
928 2196 1008 2250 cum
1036 2195 1116 2264 pcc·
1167 2171 1389 2245 doctrinam?
1438 2171 1561 2263 Quid?
1591 2174 1686 2266 quod
1704 2173 1823 2242 omnia
1844 2199 1935 2267 quae
1955 2177 2073 2266 largiti
2090 2201 2154 2248 su-

122 2273 331 2348 turbatione
357 2272 469 2346 animi
492 2275 574 2348 mei.
640 2271 704 2348 Ait
726 2275 956 2368 reponendas.
1024 2269 1118 2342 Ubi?
1167 2298 1262 2357 mus,
1294 2271 1426 2346 habent
1449 2275 1624 2346 eiusmodi
1648 2275 1885 2368 exceptiones,
1926 2290 1966 2346 ιιι
1988 2273 2055 2348 hoc
2078 2303 2154 2348 me.

121 2399 254 2470 nempe
275 2375 372 2452 unde
394 2388 529 2451 amotae
551 2389 646 2455 snut.
697 2373 811 2449 Addit
826 2371 1136 2471 interprctatiun·
1166 2388 1284 2460 tuam,
1307 2401 1354 2446 ne
1366 2373 1536 2468 Episcopi
1552 2375 1754 2448 existiment
1766 2377 1889 2457 offerri
1904 2372 2052 2470 ῥήματα
2068 2377 2153 2450 ἀντὶ

121 2475 245 2546 culam
260 2477 305 2551 de
329 2474 581 2570 applicatione,
613 2490 832 2564 rectesune,
857 2475 1017 2549 doctrina
1041 2479 1135 2544 uon
1166 2471 1347 2572 ἀλφίτων.
1382 2477 1441 2548 sed
1466 2469 1552 2570 quid
1569 2476 1750 2568 potuimus
1761 2478 1887 2546 aliud?
1937 2478 2152 2574 Quanquam
2183 2517 2198 2538 r

120 2577 300 2666 violatur,
331 2579 392 2648 sed
414 2577 529 2673 qualis
552 2577 614 2651 ille
633 2601 717 2651 usus
740 2576 831 2652 erit?
864 2575 1003 2674 etquid
1027 2573 1135 2644 criti*
1164 2589 1207 2648 nt
1229 2599 1294 2670 ego
1317 2579 1413 2674 quod
1432 2579 1546 2651 sentio
1563 2578 1694 2665 ,dicam
1747 2577 1891 2659 [ltinam
1914 2581 2050 2665 utinam
2071 2605 2154 2674 pos-

120 2679 165 2750 Si
186 2675 472 2762 Ecclesiasticus,
504 2701 579 2748 non
604 2678 825 2774 disputemus
846 2680 890 2758 cle
913 2675 1026 2762 eritu;
1060 2675 1115 2744 siu
1165 2679 1232 2748 sim
1257 2701 1330 2749 non
1356 2677 1498 2772 quidem
1514 2677 1806 2760 ¹dominationem
1833 2679 2059 2767 confirmare,
2093 2684 2151 2765 sed
2185 2679 2189 2686 ’
2276 2683 2279 2698 “

119 2776 328 2854 contrarios
346 2793 399 2852 cst
418 2779 635 2852 institutioni
656 2776 809 2866 Christi,
842 2805 905 2850 cur
927 2777 1117 2850 toleretur?
1165 2781 1508 2852 administrationem
1523 2781 1704 2864 restituere
1718 2775 1987 2870 Episcoporum.
2038 2781 2152 2852 Video

117 2880 222 2952 llaec
241 2905 316 2954 nou
332 2881 484 2974 explico,
509 2881 628 2954 etalia
644 2881 794 2976 paucula
809 2881 1000 2975 quaedam,
1019 2895 1115 2971 ‘quae
1165 2881 1278 2966 enirn,
1310 2881 1451 2974 qualern
1473 2883 1583 2950 simus
1608 2875 1765 2952 habituri
1787 2878 2000 2965 Ecclesiam,
2040 2883 2152 2955 disso-

118 2978 217 3052 mibi
241 2982 411 3056 uidentur
436 2981 639 3068 callidiora,
680 3005 786 3074 quam
815 2981 974 3051 veritatis
997 2979 1114 3050 oratio
1166 2983 1240 3052 luta
1264 2977 1428 3062 πολιτεία
1452 2981 1694 3052 ecclesiastica.
1759 2980 1875 3052 Video
1898 2995 2015 3073 postea
2040 2985 2152 3053 multo

118 3085 300 3176 patiatur,
341 3093 376 3154 et
398 3085 580 3167 tenuiora,
620 3107 728 3177 qnam
749 3103 839 3176 quae
863 3081 1050 3152 debuerint
1077 3081 1116 3150 in
1165 3081 1480 3168 intolerabiliorem
1503 3085 1660 3174 suturam
1683 3083 1930 3177 tyrannidem,
1963 3105 2068 3176 quam
2089 3109 2157 3154 an»

116 3185 187 3254 tali
205 3185 413 3256 tractatione
430 3184 594 3278 proponi.
645 3179 765 3254 Audio
786 3183 911 3269 ctiam,
938 3204 1116 3274 segregare
1164 3195 1221 3256 tea
1237 3207 1394 3278 unquam
1410 3185 1489 3256 tuit.
1541 3180 1600 3254 Aa
1609 3179 1713 3270 haec,
1738 3179 1832 3252 nihil
1846 3179 1962 3253 adhuc
1980 3188 2153 3256 concessi-

117 3309 208 3358 eum
223 3273 403 3378 principes
419 3308 439 3356 a
456 3285 639 3376 religionis
654 3284 890 3376 protectioue3
924 3286 1019 3378 quod
1033 3283 1116 3356 satis
1164 3307 1243 3368 mus
1259 3286 1484 3380 adversariis,
1515 3299 1655 3376 praeter
1670 3309 1727 3372 ea,
1742 3277 2051 3378 ¹quael’nddnm
2070 3309 2154 3356 cen-

116 3387 249 3458 mirari
269 3410 426 3480 nequeo,
458 3411 529 3480 quo
554 3385 681 3458 aud'eat
704 3407 764 3454 ore
785 3385 916 3466 iacere,
956 3386 1114 3457 simodo
1165 3387 1235 3458 suit
1257 3409 1331 3461 esse
1350 3387 1549 3472 reddenda„
1582 3411 1620 3457 re
1639 3387 1729 3456 bene
1750 3411 1789 3456 ac
1811 3385 1999 3478 diligenter
2018 3388 2153 3457 delibo.»

115 3488 220 3564 facit.
244 3545 248 3559 .
269 3484 584 3578 Ergoilliterem.
610 3487 710 3581 quod
726 3487 892 3558 dixerunt
906 3485 1115 3578 inspiefieri,
1165 3501 1241 3558 rata
1260 3501 1342 3560 ante
1363 3503 1588 3562 conventum
1639 3485 1762 3582 Neque
1783 3510 1847 3576 ego
1871 3512 1944 3560 nou
1967 3489 2153 3562 additurus

116 3589 321 3659 ‘tier-endo
335 3589 549 3682 probabunt.
582 3585 677 3658 ·Hoc
694 3587 769 3679 ipsc
791 3587 857 3657 erit
878 3588 950 3656 illis
971 3587 1116 3660 auctor?
1165 3611 1260 3660 eram
1296 3589 1431 3683 aliquid
1450 3590 1564 3682 quasi
1595 3589 1807 3672 auctarium,
1853 3589 2016 3684 publicae
2057 3591 2153 3681 pacis

114 3689 268 3762 Adiuva
281 3714 355 3776 mc,
380 3689 410 3760 si
425 3703 540 3782 potes,
565 3689 698 3784 optime
711 3688 839 3774 amice,
870 3691 1041 3760 ferentem
1058 3689 1114 3756 in·
1165 3711 1279 3762 causa.
1336 3687 1448 3763 Cuius
1469 3691 1614 3772 fortasse
1635 3690 1747 3782 aliqui
1768 3713 1864 3760 nunc
1883 3689 2055 3762 rationem
2078 3679 2152 3760 non

115 3789 311 3880 tolerabile
324 3789 466 3884 pondus
481 3789 747 3862 solicitudinnm
764 3791 809 3858 de
829 3789 971 3880 publica
993 3791 1115 3862 salute.
1163 3786 1316 3878 habent,
1338 3792 1418 3886 qui,
1441 3792 1471 3860 si
1486 3793 1565 3886 quis
1579 3791 1755 3862 exorietur
1768 3781 1912 3876 motus,
1926 3789 2063 3874 utinam
2078 3815 2152 3862 non

115 3893 216 3962 Puto
232 3889 332 3962 illinc
347 3887 529 3964 tehabere
544 3890 697 3985 aliquid,
730 3893 774 3962 de
800 3913 870 3984 quo
893 3913 939 3960 ne
960 3891 1115 3980 graveris
1165 3891 1358 3964 abiicerent
1383 3915 1463 3990 non·
1481 3893 1589 3964 modo
1621 3887 1915 3962 hasnostrorum
1942 3891 2153 3982 disputatio—
2194 3961 2196 3972 .

96 4015 264 4064 ,mecum
279 3993 556 4078 communicare,
579 3993 653 4062 sive
666 4015 731 4086 per
749 3993 882 4076 literas,
908 3993 980 4062 sive
996 4014 1113 4062 coram
1166 4015 1245 4079 nes,
1271 3995 1331 4064 sed
1346 3995 1549 4064 nniversam
1566 3992 1785 4082 religionem.

114 4093 302 4171 malueris.
354 4091 441 4164 Vale
454 4085 505 4188 *).
953 4171 956 4181 ,
1076 4170 1079 4181 ,
1254 4093 1355 4165 fleri
1375 4095 1489 4167 dictae
1511 4107 1593 4166 sunt
1616 4093 1808 4166 sententiae
1830 4116 1850 4163 a
1872 4095 2002 4162 nostris
2027 4095 2071 4164 dc
2097 4117 2154 4162 re-

372 4187 376 4203 '
1112 4217 1116 4226 ’
1168 4195 1342 4268 stitnenda
1365 4209 1535 4288 potestate
1559 4197 1799 4267 ecclesiastica.
1850 4189 1898 4264 Et
1914 4194 2080 4264 convenit
2094 4195 2153 4263 in'-

129 4398 323 4489 de‘l'l.¹
766 4393 777 4412 Ι
942 4433 1001 4490 st.
1021 4421 1101 4507 Aug,
1168 4393 1281 4467 Hesst
1292 4409 1515 4481 cunctantur,
1532 4411 1566 4466 et
1581 4397 1804 4466 dissimulant
1821 4395 2030 4468 sententiam
2045 4397 2151 4465 vestri

123 4511 304 4542 Μ
633 4523 642 4535 ·
939 4498 1108 4538 *⁴³⁹⁸*
1167 4499 1283 4589 legati.
1327 4498 1499 4588 Quidam
1522 4499 1649 4569 animis
1672 4497 1858 4568 intuentur
1878 4493 1945 4568 τὸν
1967 4489 2153 4584 ἀπελθόν-

401 4581 550 4667 loerch.
580 4579 853 4664 Camerarius
1097 4600 1101 4619 '
1167 4623 1213 4671 τα
1226 4593 1299 4694 ”).
1350 4599 1468 4670 Huius
1488 4601 1646 4671 consiliis
1667 4599 1901 4690 applaudent,
1931 4597 1960 4666 si
1976 4599 2152 4669 videbun-

194 4745 277 4818 lipist.
291 4699 325 4800 {a
342 4744 480 4806 Querar.
501 4765 528 4814 ρ.
544 4745 602 4798 147.
740 4713 743 4722 ’
1167 4715 1225 4770 tur
1239 4699 1324 4794 ipsis
1343 4682 1548 4792 profuturas
1589 4699 1699 4770 Plane
1721 4695 1814 4770 nihil
1837 4698 1915 4768 lieri
1936 4699 1981 4770 ab
1998 4697 2070 4769 tlltt
2086 4723 2161 4772 no-.

491 4794 496 4820 '
559 4827 567 4838 ·
609 4813 612 4818 '
645 4841 648 4849 ·
1166 4802 1247 4872 stris
1271 4799 1532 4874 accusatoribus
1548 4803 1696 4872 candide
1711 4801 1880 4892 suspicor.
1933 4797 2150 4894 ltaquennu

208 4881 455 4957 1⁰⁰⁶l¹lm⁰
480 4879 758 4958 Cflmmritl
784 4881 1031 4978 Νθΐῖὖθθὸῠθν
1091 4922 1096 4933 ·
1166 4903 1385 4974 valdedoleo
1399 4895 2040 4993 measactionesabillisreprelrendi.
2074 4897 2150 4990 Ego

112 5007 163 5092 S.
186 5021 231 5092 D.
283 5021 391 5112 Quod
415 5021 459 5090 de
485 5019 573 5090 meis
599 5017 800 5088 actionibus
826 5027 930 5114 atque
957 5017 1114 5091 consiliis
1164 5003 1299 5076 numm
1329 5005 1368 5074 5¹¹
1399 4999 1466 5076 h⁰⁰
1496 5005 1637 5094 ¹¹²i⁰ll⁰
1665 5003 1812 5092 &tillim
1840 5015 2040 5124 aucupnpc
2061 5024 2151 5086 ΜΠ,

113 5138 307 5216 tantopere
323 5123 481 5191 solicitus
496 5145 550 5206 es,
582 5115 967 5190 lacisolliciumetviri
987 5123 1112 5216 optimi
1196 5199 1225 5266 t)
1245 5197 1322 5252 stand
1344 5197 1426 5255 son·
1448 5197 1513 5262 hm
1529 5203 1653 5266 mmm
1672 5195 1704 5248 aa
1726 5191 1861 5256 dmm,
1883 5187 2149 5260 Nonnmrqeurino,

113 5221 557 5296 “hominisamicmimi'
609 5215 818 5310 Egoauiem
832 5244 935 5310 'spem
954 5223 1046 5306 ἰωὴ
1073 5238 1112 5294 ut
1230 5265 1509 5320 Melantbonemrem
1523 5258 1897 5334 Evangelicnrumprodere,
1919 5255 2149 5330 quodrelitEpi·

1229 5333 1319 5406 scopis
1333 5333 1440 5388 restitui
1451 5332 1679 5389 iurisdictionem.
2057 5368 2060 5377 .

156 5423 186 5487 ⁸)
203 5418 321 5476 coelest
335 5415 427 5471 addit:
444 5414 541 5469 Datne
553 5413 580 5466 6.
594 5409 705 5476 Sentit.

1167 4311 1221 4368 ter·
1241 4295 1437 4382 Saxonem,
1475 4293 1736 4380 Marcbtonem,
1773 4311 1806 4367 et
1826 4293 2150 4383 Luneburgenscm.
2260 4377 2264 4382 Ι
