4924 6274
121 307 189 384 957
680 307 1123 395 EPlSTOIr'ARUM
1180 257 1289 406 LlB.
1322 327 1406 404 vlt.
1435 327 1592 410 lidi.
2082 347 2161 426 958

119 481 259 573 simplex
272 479 307 554 e't
320 483 421 556 utilis
433 479 722 578 ratiodocendi')
736 497 972 558 conservetur.
1000 482 1110 574 Quod
1158 493 1235 568 Deo
1259 523 1364 573 cume
1387 525 1499 578 ωε..
1530 503 1593 576 M,
1613 505 1760 599 quidm,
1782 507 1959 602 mange,
1984 539 2004 587 a
2034 521 2155 592 studio

119 607 196 654 vero
215 607 290 673 non
313 586 445 656 desinis
464 609 522 656 me
538 587 583 658 ad
607 587 859 658 illustrandum
876 581 1108 664 Aristotelem
1158 601 1493 698 pacis'neqnaqnam
1511 601 1713 684 abhorrere.
1763 607 1910 686 llencet
1923 617 2074 692 feliciter
2089 648 2153 694 va-

116 679 266 770 hortari,
298 688 364 758 etsi
388 701 490 758 antea
512 687 653 779 scripsi,
684 711 840 758 menon
860 687 944 770 satis
963 689 1008 758 ad
1032 711 1108 760 rem
1156 701 1202 776 le,
1252 699 1651 807 DieLucgg1535t),
1968 772 1972 781 Ι

115 799 245 858 tantam
259 787 472 884 instructum
484 811 574 874 esse,
598 802 633 860 et
648 790 821 882 quosdam
836 788 1022 860 molientes
1038 783 1108 860 hoc
1744 808 1839 888 Phil.
1857 814 2032 894 Melan&
2046 819 2101 919 n).

113 912 197 980 opus
213 889 381 980 impediri
400 891 667 982 perturbatione
689 902 907 982 temporum,
931 901 1051 962 tamen
1067 903 1108 962 ut

111 989 287 1080 intelligas
296 1015 354 1062 me
367 993 548 1064 voluntate
562 1005 667 1085 atque
681 991 801 1062 animo
823 1015 899 1062 non
913 985 1106 1062 abhorrere
1163 975 2144 1016 --·-—-—-—-—·—--.-......

112 1091 155 1160 ab
172 1085 238 1162 hoc
253 1093 391 1176 studio,
423 1095 526 1162 edam
547 1092 706 1185 auspicio
729 1091 886 1162 nominis
905 1093 958 1164 tui
979 1116 1107 1186 repur-
1164 1099 1232 1172 No.
1255 1103 1366 1180 1846.
1998 1137 2058 1199 η,
2076 1129 2148 1200 og,

109 1205 229 1284 gatum
242 1185 423 1288 Quintum
438 1187 677 1279 Ethicorom,
698 1194 738 1262 in
752 1219 823 1288 qno
833 1193 970 1264 videbis
989 1217 1105 1287 quan-
1160 1195 1373 1238 Μ
2000 1223 2136 1254 w-

109 1307 184 1364 tum
200 1289 366 1366 habitura
384 1319 440 1370 res
461 1297 504 1368 sit
520 1292 761 1379 timentum,
793 1295 825 1364 si
847 1295 928 1389 quis
943 1295 1030 1366 velit
1046 1295 1104 1366 lu·
1425 1355 1430 1372 .
1548 1259 1587 1344 ι·
1601 1259 1749 1352 Ionae·

106 1419 190 1486 men
205 1397 344 1468 adferre
359 1398 509 1468 exilibus
526 1389 557 1492 ⁶)
574 1391 785 1466 Aristotelis
802 1397 1001 1482 sententiis,
1027 1419 1103 1466 eas-
1221 1389 1308 1466 E1⁶⁸²·
1323 1391 1370 1448 ¹¹¹³·
1383 1393 1418 1450 V·
1444 1414 1471 1468 Ρ·
1489 1399 1540 1454 ¹2⁷
1553 1419 1565 1454 ⁸
1586 1421 1613 1474 s·
1630 1433 1664 1448 -
1700 1407 1895 1481 Αοιοςηροοο
1908 1411 1937 1468 tn
1952 1413 2078 1474 sutton.
2093 1417 2148 1476 tto·

107 1521 175 1590 que
192 1499 236 1568 ad
253 1499 411 1568 usumin
427 1499 498 1572 vita
515 1494 591 1594 iffi)
608 1497 748 1589 Repub·
766 1498 966 1572 transferre·
1001 1493 1101 1568 Audi
1254 1461 1376 1533 rinberg.
1395 1465 1475 1520 nobis
1489 1469 1606 1524 contult
1620 1471 1694 1530 Clas.
1709 1475 1830 1601 annen
1933 1589 1940 1606 .
2132 1593 2139 1608 .

106 1599 203 1668 enim
224 1600 311 1692 quid
326 1596 418 1670 mihi
441 1599 620 1674 acciderit.
670 1597 871 1670 Consilium
889 1591 1101 1668 Arislolelt's
1150 1557 1206 1640 D·
1228 1559 1582 1690 I⁰d⁰⁶⁰l⁰naffi
1615 1573 1832 1696 ‚PWPWW
1855 1583 2147 1688 WllssbUSCMb

105 1701 390 1774 aeaisrrnuuva
405 1701 738 1795 tusuennunquam
752 1701 927 1784 intellexi,
953 1702 1102 1772 acmul-
1464 1697 1532 1745 ⁸¹¹⁰
1548 1703 1833 1762 ⁰m¹⁶⁰⁸¹¹mm⁰·

103 1815 140 1870 ta
162 1797 254 1870 mihi
278 1805 548 1898 obstrepebant,
587 1805 700 1874 donec
723 1815 837 1872 totum
857 1801 961 1872 illum
982 1801 1101 1875 locum
1150 1775 1197 1868 S·
1212 1795 1257 1874 D.
1299 1799 1407 1890 Quod
1424 1805 2148 1902 detnaprolectioneadnosmenmcon-

102 1903 340 1976 animadverti
365 1929 406 1976 ex
428 1899 570 2002 Quinto
590 1899 633 1974 de
654 1899 796 1997 legibus
808 1894 982 1972 Platonis
1004 1925 1098 1974 sum·
1151 1897 1271 1970 silium
1287 1907 1459 1998 requiris,
1480 1910 1583 1981 facile
1600 1915 1779 2010 intelligo,
1800 1921 1867 1992 tibi
1882 1949 2027 2016 magnae
2043 1955 2148 2004 neree

100 2017 206 2095 ptum
221 2029 305 2080 esse.
354 2003 424 2076 Hic
441 2006 680 2098 primumvidi
693 2005 780 2098 quid
794 2005 1002 2097 spectaverit
1012 1999 1100 2072 Art.
1151 1997 1318 2088 scholam
1338 2027 1428 2094 0⁵³0,
1461 2011 1562 2082 cuius
1578 2029 1725 2100 statum,
1757 2046 1838 2094 cum
1857 2021 1947 2096 mihi
1968 2032 2146 2106 notiorem

98 2100 266 2190 stoteles,
291 2107 513 2202 quiquidem
528 2109 617 2178 solet
630 2105 834 2176 lectissimas
852 2105 1044 2178 sententias
1059 2127 1101 2174 ex
1144 2125 1225 2175 ‚esse
1245 2117 1346 2196 putes
1360 2133 1466 2201 qnam
1483 2113 1569 2200 tibi,
1593 2117 1726 2190 videris
1745 2124 1834 2196 scire
1851 2149 1997 2221 cupere,
2029 2157 2147 2226 qnan-

96 2197 261 2276 Plotone
275 2209 471 2298 decerpere,
490 2210 574 2280 etin
587 2203 797 2280 methodum
810 2209 983 2280 conferre.
1008 2205 1101 2277 Nam
1152 2217 1227 2276 tum
1248 2207 1346 2278 illius
1364 2213 1509 2298 reserat,
1542 2229 1576 2286 te
1594 2243 1736 2314 quoque
1752 2227 1883 2302 adesse.
1932 2225 2009 2320 Ego
2024 2237 2146 2311 adce·
2200 2215 2205 2224 Ι

97 2332 183 2378 cum
204 2307 267 2375 alii
289 2308 406 2399 inepte
422 2305 518 2380 hunc
532 2310 650 2380 locum
672 2309 711 2376 in
727 2303 922 2380 Aristotele
947 2310 992 2379 de
1015 2331 1102 2400 poe-
1150 2305 1347 2380 lebritatem
1362 2307 1512 2384 Scholae
1528 2330 1626 2388 tuam
1641 2327 1875 2412 praesentiam
1892 2335 2044 2406 multum
2058 2361 2146 2410 con·

96 2408 157 2476 nis
185 2407 445 2495 intellexerint,
480 2405 537 2480 hic
562 2411 667 2498 longe
691 2411 790 2480 ahud
819 2407 904 2500 agit.
965 2405 1101 2486 Omnia
1150 2409 1278 2479 ducere
1295 2433 1397 2502 P⁰⁵80
1412 2416 1577 2492 arbitror·
1628 2419 1771 2518 ltaque,
1804 2430 1835 2500 si
1854 2431 1892 2500 in
1907 2433 2061 2508 discesm
2076 2463 2145 2514 no-

93 2531 333 2602 personarnm
347 2511 550 2582 discrimina
565 2511 683 2582 invita
696 2511 837 2602 publica
850 2523 885 2580 et
898 2511 1046 2602 privata,
1060 2509 1101 2580 in
1150 2522 1306 2580 strorum
1321 2511 1418 2583 domi
1431 2517 1592 2590 inissem:
1617 2547 1829 2618 magnopere
1843 2533 1986 2606 fuissem
2001 2538 2067 2612 tibi
2081 2564 2147 2612 an-

92 2609 279 2702 imperiis,
316 2611 355 2680 in
377 2613 640 2702 magistratibus
663 2611 843 2700 legendis,
882 2612 923 2680 in
944 2612 1100 2698 familiis,
1150 2623 1206 2680 tor
1224 2603 1294 2682 huc
1311 2619 1540 2696 concedendi.
1590 2621 1696 2696 Nunc
1712 2643 1833 2702 autem
1855 2655 1898 2706 ex
1913 2649 2012 2711 tanto
2032 2639 2145 2714 inte„-

93 2711 269 2782 constitui
285 2713 364 2782 vult
379 2711 604 2786 Geometrica
624 2713 873 2807 proportione,
906 2726 948 2784 ut
968 2713 1101 2784 efficia-
1149 2713 1244 2782 vallo
1272 2727 1306 2784 te
1328 2716 1433 2788 istinc
1452 2717 1628 2794 attrahere
1648 2751 1730 2800 cum
1750 2733 1913 2805 maximis
1932 2742 2143 2834 sumptibus,

91 2831 155 2886 tur
188 2813 286 2884 inter
307 2811 554 2908 Tyrannidem
583 2829 621 2887 et
646 2813 907 2886 Democratiam
936 2815 1099 2886 salutaris
1149 2837 1223 2883 non
1244 2815 1387 2888 videtur
1410 2843 1484 2890 esse
1504 2827 1749 2902 necessarium.
1799 2829 1946 2909 Adhaec
1962 2835 2007 2938 ¹),
2043 2847 2142 2939 quod

90 2915 221 3006 generi
237 2909 394 2986 humano
411 2917 647 3003 mediocritas,
673 2911 741 2988 hoc
756 2931 825 3002 est,
847 2929 888 2986 ut
902 2915 1098 3008 plurimum
1149 2915 1193 2984 de
1208 2917 1426 3008 supellectile
1449 2935 1489 2992 tu
1513 2925 1710 3012 existimas,
1750 2957 1791 3004 ac
1814 2937 1859 3004 de
1883 2938 2002 3024 lectis,
2040 2945 2145 3038 longe

89 3017 215 3088 valeat
231 3017 448 3108 optimorum
464 3021 645 3102 autoritas.
694 3015 799 3088 Hanc
817 3018 1098 3090 mediocritatem
1147 3027 1246 3088 secus
1261 3011 1385 3104 habet.
1435 3019 1574 3096 Omnes
1594 3031 1691 3100 enirn
1714 3057 1788 3106 non
1808 3049 1946 3110 tantum
1966 3041 2143 3124 Patressa·

87 3119 238 3192 utinam
257 3117 424 3211 Synodus
448 3121 553 3192 ctiam
578 3121 618 3190 in
638 3115 796 3190 Ecclesia
817 3119 955 3188 efficere
971 3133 1098 3211 posset,
1147 3118 1283 3204 milies,
1329 3122 1521 3196 sedetiam
1542 3123 1742 3204 scholastici
1771 3140 1882 3212 coacti
1913 3159 1998 3218 sunt
2036 3147 2144 3220 domo

87 3235 131 3294 ut
147 3219 320 3290 videlicet
335 3221 534 3313 sapientum
548 3236 584 3294 et
600 3223 778 3294 bonorum
793 3220 944 3292 consilio
970 3235 1004 3292 et
1017 3221 1099 3292 vnl-
1145 3242 1229 3299 suos
1245 3220 1353 3294 lectos
1366 3217 1436 3296 huc
1453 3223 1638 3307 advehere.
1689 3233 1812 3332 ltaque
1826 3241 1885 3312 vix
1908 3245 2069 3320 existimo
2087 3250 2145 3322 in-

85 3322 122 3416 gi
145 3321 333 3394 temeritas
346 3335 381 3394 et
395 3324 547 3394 aliorum
563 3324 753 3396 crudelitas
770 3317 1026 3396 coherceretur.
1141 3321 1263 3392 veniri
1278 3317 1337 3393 hic
1358 3349 1478 3417 posse,
1510 3331 1575 3426 qui
1597 3333 1705 3406 lectos
1721 3339 1834 3414 velint
1855 3343 1983 3422 locare.
2032 3347 2144 3424 Domi

195 3421 272 3495 Sed
294 3449 365 3516 quo
384 3425 641 3496 delaborvelnt
662 3425 794 3496 oblitus
814 3423 995 3496 institutae
1013 3425 1097 3496 bre·
1146 3421 1349 3520 fortassis')
1370 3427 1623 3508 inveniremus.
1672 3435 1797 3534 Neque
1816 3445 1911 3516 enim
1925 3448 1991 3520 tihi
2009 3451 2073 3522 tali
2089 3454 2144 3526 vi-

84 3525 226 3610 vitatis,
255 3525 319 3594 etsi
334 3519 420 3595 haec
434 3527 605 3618 adscripsi
621 3527 743 3613 libere,
767 3551 807 3596 ac
822 3521 1026 3621 tanquam⁸)
1043 3528 1097 3596 la·
1147 3547 1188 3595 ro
1202 3523 1352 3598 Senatus
1369 3529 1555 3604 defuturus
1571 3551 1680 3618 esset,
1706 3545 1767 3612 sed
1786 3559 1903 3618 tamen
1917 3567 2063 3644 propter
2076 3577 2144 3648 op·

82 3629 286 3698 miliariter
302 3640 417 3696 tecum
432 3627 675 3708 confabulans,
702 3625 799 3721 quod
816 3629 1009 3698 statuebam
1028 3629 1096 3698 tibi
1146 3625 1224 3716 pidi
1243 3627 1437 3722 etquidem
1459 3635 1654 3730 frequentis
1668 3635 1699 3736 ³)
1721 3649 1918 3736 angustiam
1944 3675 1991 3722 nc
2005 3679 2044 3726 ea
2063 3657 2145 3749 qui·

81 3725 236 3800 homini
253 3724 918 3818 doctissimononingretamessehanc
934 3725 1097 3800 exScho-
1146 3729 1225 3796 dem
1242 3751 1298 3800 res
1310 3730 1388 3802 sine
1409 3733 1529 3830 aliquo
1552 3741 1693 3830 negotio
1709 3747 1834 3818 confici
1855 3765 1983 3842 posset.
2035 3753 2144 3846 Quod
2248 3827 2252 3837 ,

79 3831 116 3902 1ο
132 3841 322 3922 sumptam
337 3829 544 3903 orationem.
584 3829 1011 3920 Cumautemintelligas,
1028 3826 1097 3900 ho-
1145 3829 1190 3898 ad
1206 3823 1365 3900 scholam
1379 3834 1491 3925 ipsam
1506 3841 1650 3928 attinet,
1685 3839 1724 3914 hi
1739 3845 1976 3938 Professores,
2000 3855 2063 3948 qui
2079 3861 2144 3928 ad·

76 3959 167 4004 rum
193 3931 403 4002 studiorum
428 3931 733 4002 conservationem
763 3955 840 4018 eos,
876 3931 939 4026 qni
961 3934 1006 4002 ad
1030 3955 1095 4024 gu·-
1145 3941 1244 4016 sunt,
1281 3935 1580 4011 assiduitatem'et
1605 3945 1825 4034 diligentiam
1847 3975 1923 4022 eam
1953 3969 2142 4046 praestant,

75 4033 288 4106 bernacula
309 4033 433 4104 sedent
456 4033 495 4102 in
516 4030 676 4126 Repub,
703 4057 787 4104 cura
817 4058 881 4104 sua
909 4035 1095 4126 complecti
1145 4045 1317 4124 quantum
1334 4038 1497 4132 equidem
1514 4041 1671 4116 iudicare
1684 4069 1849 4137 possum,
1869 4067 1910 4124 ut
1918 4079 2023 4126 nemo
2039 4061 2142 4152 queri

74 4139 245 4220 debere,
280 4147 315 4204 te
338 4158 401 4204 oro
426 4147 461 4204 ct
476 4147 621 4228 propter
639 4135 757 4226 ipsum
776 4137 882 4206 decus
898 4135 1094 4218 literarum,
1143 4134 1271 4224 possit,
1293 4160 1416 4210 eorum
1430 4142 1642 4231 negligentia
1658 4147 1794 4241 aliquid
1809 4154 2014 4228 detrimenti
2029 4155 2143 4233 Scho-

73 4251 110 4310 et
130 4247 293 4332 propter
307 4231 463 4326 Reipub.
478 4237 647 4322 salutem,
666 4249 707 4306 ut
721 4249 781 4308 tua
797 4237 957 4320 consilia,
976 4250 1095 4310 tuam·
1144 4235 1215 4304 lam
1240 4239 1407 4331 accipere.
1444 4237 1509 4312 -Et
1525 4257 1576 4314 est
1592 4239 1668 4332 hic,
1700 4263 1742 4320 ut
1763 4275 1804 4321 ex
1828 4267 1889 4326 tuo
1903 4257 2067 4330 ministro
2083 4287 2141 4334 ac-

73 4365 152 4436 que
172 4337 408 4410 autoritatem
426 4339 470 4406 ad
493 4329 562 4406 hoc
582 4337 758 4422 conferas,
789 4353 829 4410 ut
850 4339 976 4410 studiis
994 4353 1095 4410 uan—
1144 4335 1269 4427 cipies,
1312 4341 1503 4412 mediocris
1531 4367 1700 4419 numerus
1724 4349 1960 4444 Auditorum,
2005 4375 2047 4432 ut
2076 4365 2141 4436 tali

73 4442 254 4540 quillitas
269 4439 461 4510 moderatis
478 4437 636 4527 consiliis
655 4439 877 4526 restituatur,
911 4465 980 4536 qua
999 4443 1038 4510 in
1055 4467 1094 4512 re
1144 4451 1301 4530 tempore
1325 4465 1399 4510 non
1421 4443 1601 4528 illibenter
1630 4465 1790 4544 sumptus
1813 4481 1960 4548 magnos
1981 4462 2140 4542 facimus.

71 4545 275 4638 praeclare
295 4539 341 4608 de
360 4539 526 4610 universa
538 4535 695 4610 Ecclesia
722 4541 836 4635 deque
857 4543 956 4612 omni
977 4557 1095 4636 poste-
1143 4533 1220 4628 Ego
1238 4543 1333 4612 enim
1350 4544 1430 4635 plus
1447 4569 1554 4639 quam
1570 4553 1789 4644 septuaginta
1810 4581 1936 4632 aureos
1952 4562 2138 4657 insumpsi,

70 4649 190 4720 ritate
207 4640 415 4714 mereberis.
466 4637 532 4711 Est
544 4641 650 4711 etiarn
661 4663 789 4732 magno
804 4643 883 4714 viro
898 4646 1005 4736 digna
1021 4645 1094 4715 vir·
1144 4653 1180 4710 et
1195 4655 1302 4734 quota
1319 4669 1401 4736 pars
1414 4639 1551 4740 hyemis
1568 4665 1618 4722 est
1634 4657 1814 4728 conlecta?
1838 4659 1908 4732 Sed
1920 4665 2013 4734 nosti
2024 4691 2138 4742 meam

69 4763 158 4832 tus,
198 4741 370 4816 homines
392 4743 515 4812 doctos
539 4743 697 4834 periculo
723 4743 893 4830 liberare,
931 4747 994 4840 qui
1013 4769 1094 4818 cum
1144 4739 1373 4836 οἰκονομίαν.
1423 4743 1488 4821 Est
1508 4763 1544 4820 et
1558 4747 1744 4825 Seboldus
1765 4759 1864 4830 dorni
1881 4787 1990 4840 meae.

68 4847 259 4921 coelestia
276 4845 370 4914 dona
389 4844 650 4926 conserventin
669 4845 790 4932 terris,
815 4848 968 4940 sintque,
990 4849 1095 4922 utait
1243 4843 1430 4920 Caeterum
1445 4847 1476 4942 ⁴)
1501 4853 1662 4924 omnium
1682 4859 1850 4932 ordinum
1875 4877 1981 4959 atque
2006 4865 2136 4940 civium

65 4945 222 5028 Plato,
257 4949 336 5018 τῶν
350 4945 454 5018 θεῶν
470 4941 709 5042 ἐρμηνεοιαὶ,
739 4961 832 5018 recte
850 4949 1095 5022 existimantur
1142 4947 1390 5021 benevolentia
1412 4973 1494 5041 erga
1517 4955 1725 5030 universnm
1748 4977 1911 5036 nostrum
1932 4969 2136 5042 sodalitium

68 5113 327 5140 ...·---
1176 5135 1205 5202 9)
1224 5133 1270 5188 tte
1302 5137 1395 5192 mitem
1406 5169 1443 5182 -
1456 5139 1547 5212 1535]
1566 5143 1653 5200 Mani.
1666 5155 1787 5204 lantnrne
1812 5151 1895 5208 Bene
1907 5157 1979 5212 vole.

102 5227 136 5294 5)
165 5219 223 5276 stc
240 5213 324 5270 codd.
336 5233 387 5287 pro
401 5217 540 5290 demendi,
570 5217 644 5292 qnod
658 5217 746 5274 Mani.
759 5225 787 5272 et
800 5217 885 5280 eene.
897 5229 1019 5276 tuentur.
1178 5205 1212 5258 ¹⁰
1244 5203 1282 5258 ⁸¹¹
1317 5223 1357 5260 θ’·
1372 5207 1445 5290 “¹⁶3⁸
1460 5207 1544 5292 ΡΜ·
1558 5211 1587 5266 ἶ·
1603 5211 1703 5272 SM·
1718 5237 1779 5292 ‘te-

102 5312 138 5380 ο)
162 5299 551 5376 caarapmuropm
565 5305 697 5360 ww·
1177 5271 1647 5410 qffifflnm

103 5397 140 5466 7)
166 5385 270 5448 Mani.
284 5389 324 5440 od
334 5401 416 5440 nun
429 5389 458 5441 r‘n
469 5405 538 5446 uem.
553 5387 624 5447 cot.
638 5389 706 5446 su.
719 5393 761 5446 aa
771 5407 853 5448 uun
865 5391 898 5448 s'n
911 5393 971 5448 olto
983 5399 1020 5448 el.
1178 5409 1207 5474 8)
1225 5409 1309 5466 Saus.
1327 5411 1459 5468 mendose
1472 5413 1664 5488 frequentior.

102 5481 138 5546 3)
161 5469 251 5532 ρο),
265 5469 334 5526 ω,
348 5485 383 5522 a
397 5475 520 5526 mm,
1177 5477 1207 5550 4)
1225 5478 1309 5534 Seub.
1323 5479 1455 5538 mendosa
1477 5483 1670 5544 statuem-

1265 5548 1363 5624 61·
