4980 6280
307 295 359 382 u
749 297 759 306 ·
883 227 1342 382 nsteronnnou·
1375 295 1483 386 non.
1517 303 1566 380 n
1623 301 1756 390 coco
2290 297 2342 392 ,u

307 487 385 554 ctae
406 493 522 566 eraut,
555 491 591 552 et
612 497 681 570 ego·
701 473 876 554 salemum
896 467 1041 572 repente
1063 465 1223 572 arripio(
1252 499 1299 548 ne
1348 500 1496 565 uxorem
1513 493 1606 556 recte
1620 473 1801 574 velerc').
1850 471 1942 552 Nem
1962 469 2006 550 de
2021 478 2086 550 lll‘o
2106 472 2247 550 unum
2266 489 2345 548 erat

309 605 420 654 essem
434 581 647 678 nymbulus.
698 579 888 670 Quolldie,
918 603 999 654 cum
1007 601 1077 673 per
1094 580 1233 672 negotiu
1252 579 1300 650 ll-
1348 583 1540 670 sollicitus,
1563 605 1705 673 neeego
1723 577 1821 655 nibil
1835 582 2000 672 angebar
2050 571 2099 651 Et
2116 581 2266 670 euffebet
2282 598 2344 650 sn-

310 699 383 768 cet,
417 683 593 780 colloquia
613 681 746 752 misceo
767 707 848 754 cum
868 707 988 754 amore
1008 697 1043 756 et
1064 696 1205 774 pectore
1225 697 1299 767 tuo,
1348 685 1544 776 opinionem
1558 698 1594 757 et
1608 707 1749 770 curam,
1778 684 1875 778 quod
1894 704 1969 754 non
1982 683 2129 754 miseras
2142 675 2347 752 Pomercot’

309 779 505 884 Philippo,
528 781 648 864 Iona,
674 779 834 864 Islehio,
860 779 1075 881 Spoletina.
1132 781 1205 854 Nec
1227 783 1298 852 iam
1349 787 1488 873 literas,
1520 801 1692 882 quantum
1710 801 1827 858 umen
1845 785 2049 858 illcleccrat
2064 783 2285 857 mentionem
2302 782 2344 852 iu

309 878 424 980 babeo
446 889 556 960 ullam
578 885 684 957 aliam
704 885 957 956 recreationem
979 885 1178 958 studiorum
1201 907 1300 954 meo-
1349 888 1462 960 literie
1487 891 1533 960 ad
1559 901 1593 960 te
1614 890 1768 982 scriptis.
1819 877 1963 958 Cacsar
1979 885 2343 970 nundinationis

309 1013 410 1074 rum,
449 1013 566 1084 quam
586 986 842 1058 eruditissimas
868 987 948 1058 illas
976 1011 1058 1058 cum
1084 985 1192 1060 tantis
1211 985 1299 1056 viris
1350 985 1440 1060 mihi
1454 991 1514 1060 vix
1532 1005 1613 1062 aute
1629 988 1862 1062 Pentecosten
1875 989 2017 1060 videtur
2032 988 2220 1062 affuturus.
2256 983 2342 1058 Non

309 1089 629 1174 confabulationes,
660 1089 791 1182 quibos
806 1088 837 1158 si
850 1101 890 1160 tu
905 1113 1047 1182 quoque
1062 1110 1228 1179 praesens
1243 1109 1299 1158 es-
1350 1087 1707 1174 committamus,
1737 1089 1822 1164 odes
1843 1085 1911 1162 τὸν
1924 1081 2116 1188 Γεώργιον
2129 1081 2189 1182 '')
2211 1089 2256 1158 acl
2272 1089 2342 1160 dc·

309 1213 383 1276 ses,
414 1187 507 1262 nihil
529 1191 599 1262 iam
622 1191 667 1292 ad
688 1191 829 1284 plenius
848 1191 1017 1280 gaudium
1033 1189 1145 1284 possit
1161 1190 1299 1260 deside-
1350 1193 1595 1264 liberationem
1611 1196 1656 1266 de
1670 1192 1854 1283 religionis
1866 1214 1989 1276 causa,
2011 1191 2090 1262 vult
2104 1190 2200 1260 enim
2216 1211 2343 1260 seserz

308 1293 390 1364 rari.
443 1287 742 1378 FexitCltristus,
767 1305 808 1362 ut
824 1305 859 1364 te
873 1289 1081 1386 propediem
1095 1291 1247 1364 videam.
1349 1319 1430 1366 vare
1445 1295 1634 1386 integrum.
1685 1294 1865 1368 Feruntur
1880 1294 1971 1362 duee
1988 1291 2182 1366 sententiae
2197 1290 2342 1362 consilii

409 1391 611 1466 Hessorum
627 1385 801 1492 Princeps
825 1417 940 1486 nuper
959 1417 1016 1462 me
1037 1393 1082 1462 ad
1103 1393 1296 1484 prandium
1348 1389 1561 1472 Caesonini,
1620 1393 1743 1470 Altera
1776 1419 1822 1466 ne
1855 1408 2042 1484 cognoscat
2075 1416 2234 1478 causam,
2277 1393 2342 1464 sed

307 1497 464 1582 vocavit,
494 1495 697 1566 adolescens
717 1491 917 1566 vehementi
937 1495 1079 1586 ingenio
1096 1507 1130 1566 et
1144 1493 1299 1586 scriptu·
1348 1499 1528 1592 proposito
1552 1501 1666 1572 edicto
1688 1501 1849 1570 damnet:
1879 1497 1989 1569 altera
2010 1509 2052 1568 ut
2072 1505 2259 1586 cognoscet
2279 1515 2343 1584 or-

307 1623 366 1672 cae
383 1611 523 1670 sanctae
538 1619 644 1690 supra
660 1591 768 1668 huius
784 1597 947 1668 fortunae
963 1595 1137 1666 rationem
1159 1595 1298 1666 studio-
1348 1601 1452 1686 dine,
1483 1623 1524 1672 ac
1544 1603 1710 1672 emendet
1728 1599 1814 1670 vitia
1837 1598 2012 1668 ecclesiae.
2078 1593 2123 1666 ln
2143 1595 2341 1688 posteriore

304 1715 386 1784 sus,
423 1721 576 1796 quocum
607 1700 652 1768 de
682 1698 848 1768 universo
880 1694 1068 1789 Evangelii
1100 1716 1202 1768 causa
1233 1697 1297 1768 diu
1347 1703 1520 1784 sententia
1534 1703 1667 1777 dicitur
1683 1725 1757 1772 esse
1770 1695 2008 1772 Mercurium
2029 1693 2050 1784 ci
2073 1693 2340 1798 ἀρχιγραμμα-
2390 1734 2397 1744 ·

305 1803 532 1896 multumque
551 1799 760 1892 disceptari,
799 1801 887 1870 duas
913 1823 999 1870 sero
1023 1795 1130 1870 boras
1154 1801 1199 1870 de
1218 1795 1297 1868 Eu·
1346 1799 1446 1890 τεὺς,
1473 1805 1531 1875 vir
1546 1818 1753 1876 summuset
1768 1800 2091 1886 moderatissimus,
2115 1801 2221 1894 quent
2236 1799 2342 1870 aiunt

305 1899 484 1976 charistia.
532 1899 744 1974 Adducebat
761 1901 926 1994 princeps
948 1901 1009 1970 ille
1027 1900 1213 1970 innumera
1229 1899 1295 1971 Sa·
1346 1905 1480 1990 dicere,
1514 1929 1550 1976 se
1569 1906 1608 1974 in
1629 1907 1774 1976 adversa
1795 1903 2000 1976 valetudine
2021 1897 2087 1976 bac
2102 1923 2163 1995 spe
2178 1913 2341 1972 secutum

301 2003 619 2078 eramentariorum
642 2017 868 2095 argumenta,
903 2009 1056 2096 quomm
1082 2003 1294 2076 dilutionem
1345 2003 1531 2078 Caesarem
1546 2031 1640 2094 esse,
1664 2009 1764 2101 quod
1777 2005 2115 2088 arbitrursturlore‚
2139 2015 2180 2076 ut
2195 2026 2252 2082 crs
2265 1997 2341 2072 Eo-

301 2131 325 2178 s
341 2131 398 2177 me
412 2105 537 2178 audire
550 2105 684 2186 voluit,
718 2118 753 2176 et
771 2105 884 2194 gratia
899 2102 966 2174 Dei
980 2117 1178 2196 praestante
1190 2103 1240 2176 sic
1254 2123 1293 2172 ea
1345 2108 1557 2180 clesiasticae
1568 2109 1637 2179 rite
1652 2109 1969 2192 constituerentur,
2002 2105 2099 2176 nolle
2112 2129 2149 2176 se
2171 2102 2340 2196 violent'n

302 2205 385 2304 (ds)
403 2232 442 2278 rc
457 2207 625 2290 disserui,
654 2219 696 2278 ut
714 2203 805 2278 mibi
827 2205 904 2278 eius
923 2205 1295 2294 mentem-intelligere
1345 2209 1504 2280 consiliis
1532 2211 1711 2284 interesse.
1775 2206 1876 2280 Nihil
1901 2202 1960 2278 hic
1982 2208 2203 2292 audivimus,
2236 2205 2340 2300 quod

302 2307 403 2384 hod
416 2309 527 2380 fuerit
544 2307 701 2380 difficile.
749 2306 841 2380 Nam
862 2307 970 2380 sentit
990 2331 1070 2378 curn
1086 2302 1292 2399 Zmingliot
1343 2313 1455 2402 magis
1470 2312 1653 2383 videretur
1668 2311 1772 2382 nobit
1787 2313 1937 2402 dignum
1952 2321 2168 2394 mensuram,
2194 2321 2230 2380 ct
2244 2321 2340 2378 certe

300 2425 345 2484 ut
360 2413 435 2506 ipse
448 2405 538 2480 mibi
554 2421 606 2482 cu
619 2411 749 2495 lassus,
781 2409 875 2482 votis
896 2421 1014 2482 umen
1036 2408 1293 2480 ardentissimis
1344 2413 1500 2484 delector
1525 2409 1593 2485 bac
1619 2435 1706 2484 voce
1730 2411 1961 2490 etsententia
1981 2407 2236 2504 sapientissimi·
2257 2409 2340 2478 viri.

300 2525 444 2606 exoptet
464 2513 651 2583 doctorum
674 2530 820 2584 mmmm
842 2511 1088 2591 concordiam,
1118 2523 1291 2606 quantum
1344 2505 1520 2586 Christus
1551 2516 1716 2608 respiciat
1749 2537 1789 2586 ac
1819 2527 1934 2585 servet
1960 2533 2046 2600 nos,
2100 2525 2134 2582 et
2163 2511 2340 2602 gubernet

300 2615 388 2686 sinit
401 2615 530 2708 pictos,
563 2613 609 2684 ad
625 2635 734 2706 quam
748 2609 991 2704 compromisi
1012 2632 1156 2704 operere
1175 2635 1290 2682 meam
1343 2617 1505 2688 omniurn
1519 2618 1665 2688 consilia
1681 2619 1726 2688 ad
1739 2637 1860 2709 pacem
1882 2627 1917 2686 et
1937 2617 2124 2686 utilitatem
2145 2607 2338 2704 publicem.

300 2739 477 2788 omnem·
511 2711 680 2786 Caritatis
701 2715 807 2786 tidem
829 2713 905 2787 disi
934 2713 1109 2786 illibatam
1140 2713 1290 2784 omnino
1343 2714 1495 2790 Addidit
1518 2713 1762 2789 Mercurinu's
1790 2713 1860 2790 hoc
1885 2691 2042 2811 qtroqde:
2090 2709 2339 2790 Wormaeios

299 2809 503 2890 conniveri
517 2829 700 2908 oportere,
728 2815 860 2886 etenim
881 2815 1061 2890 anteum
1087 2837 1162 2886 esse
1182 2839 1291 2906 expo-
1343 2819 1562 2912 apparoisse,
1594 2845 1701 2916 quam
1726 2815 1819 2890 nihil
1843 2819 2029 2912 proficiant
2045 2818 2201 2888 violenta
2217 2815 2339 2886 consi·

299 2921 404 2994 sitam
421 2917 599 2992 omnibus.
659 2952 664 2964 ¹
1342 2921 1401 2994 lia.
1453 2920 1537 2993 Fuit
1553 2923 1649 2994 enim
1669 2917 1915 2996 Wormocioe
1936 2921 1976 2990 in
1997 2919 2168 2992 comitutu
2191 2929 2227 2990 et
2248 2935 2339 2988 cou-

301 3071 306 3078 -
354 3089 358 3103 ,
399 3017 598 3114 Reliquum
619 3019 768 3109 longum
790 3033 880 3094 esset
896 3036 1088 3094 mcensere.
1140 3015 1290 3090 Gaudeo
1343 3024 1423 3094 silio
1441 3021 1612 3100 Caesaris.

296 3135 411 3210 certe,
448 3121 646 3215 prinoipem
670 3121 775 3192 illum
798 3122 912 3194 mtrltc
937 3121 1057 3192 minus
1074 3121 1126 3212 ‚cd
1155 3117 1291 3200 discor-
1442 3121 1567 3198 Detua
1577 3127 1781 3214 valetudine
1793 3125 1897 3196 valde
1910 3123 2054 3198 solliciti
2067 3139 2189 3194 summ
2201 3140 2338 3206 omnes,

298 3225 397 3298 cl'unr
412 3245 674 3316 csseprouum,
700 3245 808 3317 quam
827 3223 999 3296 anterius
1015 3223 1208 3294 adventum
1225 3245 1290 3292 ro-
1341 3249 1382 3296 ac
1397 3225 1569 3322 Princeps
1592 3253 1745 3324 quoque.
1802 3225 1984 3320 Rogamus
2002 3227 2118 3316 igitur
2130 3221 2266 3310 Deum
2295 3235 2338 3294 nt

296 3347 380 3400 mor
408 3337 593 3419 sparserat.
657 3323 701 3394 ln
733 3347 889 3410 somnia,
932 3347 1033 3415 spem
1063 3322 1212 3414 concepi
1245 3324 1289 3392 dc
1342 3341 1376 3398 te
1400 3327 1793 3424 propter'Evengclinm
1818 3343 1943 3402 servet.
1991 3324 2082 3398 Ate
2130 3349 2248 3420 noque
2270 3347 2338 3417 pe-

297 3425 435 3514 llesso,
453 3451 547 3498 sans
579 3449 663 3498 esem
695 3426 841 3499 masilia
868 3419 1043 3522 Philippi
1071 3439 1108 3496 et
1135 3423 1288 3494 aliorum
1340 3429 1466 3517 timus,
1491 3447 1645 3504 utcures
1659 3431 1908 3506 valetudinem.
1952 3351 2338 3524 notandasparms.

298 3524 575 3623 haudquaquam
588 3529 893 3618 adspernaturum.
928 3525 1143 3600 Salutantte
1165 3547 1288 3596 omues
1340 3531 1387 3602 sit
1409 3533 1476 3606 tibi
1501 3559 1563 3627 per
1582 3533 1760 3627 Principis
1783 3532 1951 3604 nuntium
1973 3532 2147 3636 quaedem
2176 3529 2336 3598 remedie

296 3631 423 3705 desim
440 3651 450 3674 “·
471 3625 886 3720 &semustulati
906 3623 1079 3703 diffidi).
1216 3675 1224 3686 ·
1340 3635 1386 3704 ad
1412 3637 1673 3708 confirmandos
1695 3637 1830 3708 cerebri
1851 3635 1944 3704 vires
1976 3645 2011 3702 et
2035 3631 2162 3702 cordis.
2225 3627 2337 3702 Miri-

885 3727 1052 3804 Urbanus
1066 3725 1248 3822 Rhegium
1340 3735 1403 3806 fice
1424 3739 1519 3808 enirn
1543 3751 1637 3810 amat
1661 3752 1706 3809 te.
1765 3735 1808 3806 ln
1831 3723 2199 3832 Apologio‘quotidie
2220 3729 2337 3802 multa

297 3875 300 3893 ·
397 3828 489 3918 Ora,
503 3833 555 3904 mi
570 3845 787 3926 praeceptor,
801 3829 998 3904 Dominum
1015 3855 1080 3924 pro
1095 3857 1153 3904 me
1168 3835 1288 3906 etfro-
1340 3853 1534 3910 mutamus:
1556 3839 1684 3912 'locum
1702 3831 1747 3908 de
1768 3834 1810 3910 V
1806 3837 1896 3922 olis,
1928 3835 2011 3928 quia
2034 3849 2109 3906 erat
2129 3831 2257 3904 exilior
2276 3833 2336 3904 iu-

295 3985 302 3994 ·
351 3969 356 3978 ·
383 3935 534 4020 uisos,
558 3938 655 4030 quod
670 3959 735 4027 pro
750 3947 786 4006 te
798 3933 947 4004 lecim
961 3933 1097 4008 sedule.
1340 3955 1412 4024 sto,
1443 3941 1572 4027 exemi,
1604 3940 1785 4036 supposita
1809 3939 1878 4009 alia
1895 3937 2136 4030 disputatione
2150 3937 2272 4006 eadem
2290 3935 2337 4006 de

1339 4067 1378 4112 re
1408 4043 1516 4133 paulo
1543 4043 1717 4116 uberiore.
1775 4039 1879 4112 Nunc
1905 4041 1950 4109 dc
1981 4049 2150 4130 potestate
2178 4037 2335 4130 clusium

1340 4145 1448 4214 etiam
1463 4145 1616 4238 disputo.
1629 4162 1632 4170 ·
1656 4143 1795 4212 Vellem
1810 4139 2046 4234 percurrisses
2056 4137 2223 4210 articulol
2239 4137 2336 4222 ndei,

306 4271 475 4348 Noossppa
903 4297 906 4302 ,
1116 4273 1277 4342 mm,
1339 4248 1379 4315 iu
1396 4241 1680 4340 quibussinihll
1697 4245 1964 4337 putaverisesse
1985 4241 2081 4336 ¹citii,
2112 4237 2337 4332 reliqueret·

297 4355 497 4405 ’Μι
1106 4361 1282 4396 ‘⁰⁹⁹
1340 4371 1480 4442 cunque
1494 4347 1734 4418 tractabimus.
1769 4343 1931 4416 Subinde
1947 4341 2043 4411 euim
2058 4341 2223 4410 mutendi
2238 4353 2338 4426 sung

646 4453 710 4540 M,
739 4453 943 4540 Lumen),
1340 4463 1449 4542 atque‘
1466 4449 1509 4518 ad
1537 4441 1736 4520 occasiones
1757 4443 2060 4516 accommodandi.
2110 4439 2216 4512 Nunc
2237 4435 2338 4510 Mo-

302 4579 307 4592 ·
481 4605 486 4614 -
564 4572 568 4588 ‘
1340 4545 1424 4619 cedo
1446 4547 1533 4640 agit,
1569 4563 1610 4620 ut
1631 4543 2016 4618 orationinostrorum
2040 4543 2259 4624 subscribet,
2293 4563 2336 4612 ac

363 4633 450 4740 ΨΦ
462 4631 512 4692 m·
526 4633 650 4741 μ’μ’,
666 4633 747 4706 “³³¹⁰
761 4633 848 4690 M·
862 4633 886 4689 ¹·
902 4649 947 4706 Ψ·
958 4631 1012 4710 ''d-
1091 4670 1095 4680 '
1338 4650 1481 4722 videtur
1495 4673 1596 4744 posse
1609 4645 1745 4720 retrahi
1760 4650 1804 4718 ad
1818 4663 1974 4719 nostros:
2007 4646 2066 4716 sed
2084 4662 2174 4736 opus
2188 4656 2243 4714 cst
2260 4643 2336 4712 teis

332 4748 336 4761 ⁸
685 4799 688 4812 ·
755 4793 763 4812 ·
1337 4753 1462 4826 literis.
1514 4749 1618 4826 Oroi
1645 4753 1715 4819 'ur
1729 4764 1766 4820 te
1831 4775 1886 4819 am
1899 4747 2071 4832 maxime,
2094 4759 2138 4836 ut
2153 4747 2195 4814 etl
2210 4745 2336 4837 ipsunt

304 4860 309 4868 '
392 4859 397 4873 '
514 4790 568 4888 ρ’
599 4787 823 4871 Mamm,
855 4783 1066 4864 Lumen
1148 4869 1153 4882 '
1338 4846 1572 4946 scribasm),
1595 4765 2115 4934 etfflldorterisqldommeoueret
2130 4853 2336 4918 mmdcc—

295 4921 336 5015 s·
352 4943 395 5016 D·
448 4941 522 5016 lam
538 4945 821 5016 conduxeramuss
837 4941 1004 5012 numium
1021 4937 1084 5034 qni
1101 4939 1145 5009 id
1168 4953 1220 5024 ²0,
1252 4951 1286 5008 θῑ
1337 4955 1521 5025 scientiam
1535 4951 1684 5024 alicuius
1698 4951 1799 5045 impii
1811 4952 1984 5042 dogmatis
1996 4949 2213 5020 defensioue.
2234 4945 2334 5016 uoto

295 5049 424 5118 deinde
462 5038 507 5118 V
501 5043 724 5140 uitebcrgcm
760 5045 1055 5137 proficiscentem
1096 5039 1286 5112 resciverat

294 5149 390 5220 enirn
404 5143 432 5219 I
432 5173 524 5220 onos
539 5151 583 5218 de
600 5149 667 5222 lilii
680 5161 793 5218 morte
805 5169 849 5216 er
862 5145 976 5216 literis
992 5135 1032 5215 V
1030 5139 1128 5212 iolas
1141 5141 1285 5214 scribae.
1370 5162 1397 5228 ⁶)
1416 5155 1523 5230 Peperit
1541 5177 1610 5212 nior
1628 5157 1724 5225 tonse,
1748 5155 1848 5212 marito
1867 5155 1993 5220 atamen
2015 5153 2116 5208 filiolus
2133 5167 2230 5208 recem
2250 5161 2335 5210 nem·

294 5249 365 5322 Sed
382 5251 477 5322 inter
491 5250 716 5320 scribendum
731 5261 816 5320 sunt
831 5247 936 5318 nobis
955 5245 1115 5314 redditae
1136 5259 1217 5314 tuae
1238 5243 1285 5314 li·
1404 5229 1509 5352 {m
1523 5238 1720 5350 ἓῡῖἕᾛῶξῑ·
1759 5223 1821 5282 vio.
1833 5244 1894 5300 ²1¹⁹·
1908 5223 2018 5278 ΗΜ
2041 5223 2068 5278 ‘¹-
2082 5221 2127 5278 ²4
2140 5221 2225 5294 spe,
2247 5223 2274 5278 ‘¹-
2285 5223 2334 5278 Β·

291 5351 390 5449 'terne
404 5351 617 5445 posteriores
632 5370 695 5446 per
709 5347 934 5420 tabellarium
948 5343 993 5422 D.
1003 5341 1137 5446 Apelli.
1163 5339 1284 5412 Iortcs
1368 5385 1416 5456 ῃ)
1428 5317 1602 5454 {ardum
1618 5381 1724 5436 Ducem
1739 5381 1839 5438 saion.

288 5453 345 5526 'sie
376 5455 459 5526 satis
488 5467 539 5524 est
568 5479 679 5549 aequo
709 5451 848 5538 auimo,
893 5461 1081 5544 postquam
1110 5445 1284 5518 intellexit
1367 5469 1434 5540 ces)
1452 5467 1512 5524 ttae
1526 5468 1579 5522 ism
1593 5466 1695 5522 lecerat
1710 5464 1840 5519 iniussu.
1854 5463 1881 5518 a,
1895 5454 2030 5518 comui.
