4872 6272
104 349 198 423 tots
525 281 535 296 ⁸
635 339 1097 425 nersroutnutc
1146 343 1362 422 stetu.
1416 343 1550 424 rasa.
1786 329 1843 396 θ
2024 343 2153 416 1014·

100 518 286 592 ementitae
307 515 492 606 legationis
508 516 623 590 titulo.
673 513 772 588 Haec
788 532 904 590 autem
920 517 1040 590 omnia
1056 519 1091 591 et
1133 519 1222 590 sidia
1248 543 1321 590 esse
1338 519 1433 612 pacis
1448 515 1623 590 externae.
1671 511 1761 585 Nam
1779 513 1842 610 q'ui
1860 513 2019 605 singulos
2034 517 2123 588 ado·-

97 620 275 714 priucipes
299 633 335 689 et
355 617 497 688 ordines
517 643 582 710 pro
608 641 670 689 sna
687 621 876 711 prudentia
892 621 1089 712 intelligere
1132 621 1198 691 riri
1221 623 1400 705 nitantur,
1427 619 1602 690 universis
1623 641 1799 710 parsuros.
1848 615 1897 689 Et
1914 631 1955 688 ut
1971 641 2031 687 res
2046 641 2123 688 eam

97 735 131 792 et
145 721 345 814 prospicere
359 743 472 810 posse.
513 717 593 790 Nisi
607 733 725 791 autem
739 721 882 792 brevius
898 724 1090 794 dicendum
1133 745 1231 794 suam
1252 723 1472 794 voluntatem
1493 733 1652 792 testatam
1672 719 1794 800 faciat,
1819 719 1937 811 palam
1956 719 2124 811 profiteri,

97 825 167 915 ipsi
188 835 294 906 esset,
326 845 449 890 eorum
467 821 657 890 amentiam
669 845 742 892 esse
758 837 1001 906 ostensurum,
1027 823 1090 919 qui
1132 825 1267 894 nullius
1289 823 1352 917 qui
1367 819 1474 900 huius
1488 821 1664 892 societatis
1678 821 1723 890 sit
1737 821 1959 892 adversarius
1976 821 2124 890 consilia

96 927 136 994 in
151 921 346 994 Germania
365 945 514 1011 regnum
535 923 748 994 constituere
760 937 795 994 et
811 927 1016 998 servitutem
1032 928 1089 996 iu·
1132 938 1193 995 aut
1222 939 1369 995 conatus
1398 947 1472 994 sese
1494 925 1712 996 adiuturum.
1769 921 1882 992 Modo
1907 947 2028 1014 parem
2050 922 2123 1013 ipse

96 1028 227 1096 ducere
242 1024 465 1094 molirentur.
514 1019 604 1094 Esse
616 1025 713 1093 enirn
729 1051 816 1096 vere
828 1029 1033 1098 servitutem
1047 1051 1089 1097 eo
1132 1025 1238 1096 etiam
1260 1027 1305 1096 ab
1326 1027 1413 1119 ipsis
1433 1026 1472 1094 in
1493 1047 1531 1094 se
1547 1037 1768 1118 prospectare
1785 1025 1894 1115 possit
1911 1046 2123 1116 propensam

94 1127 293 1220 propellere
313 1137 354 1195 ut
373 1124 509 1214 cogaris
528 1126 732 1220 repudiare,
759 1151 848 1221 quos
863 1129 952 1202 velis
970 1129 1090 1198 conci·
1132 1129 1362 1202 voluntatem.
1417 1123 1557 1216 Rogare
1580 1127 1685 1195 etiam
1706 1149 1825 1214 regem
1850 1123 2037 1195 Gallorum
2060 1147 2124 1192 ve-

94 1230 217 1307 liatos‚
244 1241 277 1296 et
294 1227 483 1295 conciliare
497 1251 585 1319 quos
598 1228 717 1318 cupias
736 1231 928 1300 submotos.
966 1227 1088 1300 Unum
1132 1223 1336 1314 hementer,
1358 1222 1507 1298 utbanc
1523 1228 1724 1297 societatem
1739 1227 1843 1296 liceat
1860 1225 2122 1316 consanguineo

93 1325 164 1400 boc
184 1329 292 1398 breve
314 1329 567 1414 adducturum,
598 1328 734 1398 nullius
753 1331 848 1399 vires
867 1343 901 1400 et
914 1353 998 1427 opes
1015 1353 1088 1399 esse
1131 1353 1272 1424 quoque
1286 1329 1406 1422 ipsius,
1423 1326 1514 1418 Regi
1529 1327 1740 1426 Anglorum,
1761 1330 1961 1420 impetrare.
1986 1323 2124 1396 Verum

93 1443 226 1514 tantas,
258 1442 299 1500 ut
322 1429 458 1498 diutius
479 1429 556 1498 sine
577 1427 730 1500 amicitia
755 1432 944 1502 consistere
967 1431 1089 1524 possit.
1132 1455 1211 1500 cum
1226 1431 1337 1522 ipsius
1352 1441 1510 1500 oratores
1525 1424 1583 1498 hic
1600 1430 1780 1521 repererit,
1796 1453 1873 1499 eam
1881 1429 1966 1521 ipsis
1974 1427 2124 1520 provin-

92 1526 348 1621 Legationibirs
372 1529 490 1622 itaque
515 1545 557 1602 ut
576 1531 625 1600 ali
646 1544 781 1600 veteres
809 1533 1000 1616 amicitias,
1037 1533 1088 1606 ita
1132 1532 1222 1602 ciam
1239 1532 1453 1624 relinquere.

93 1655 206 1702 novas
226 1631 332 1722 allici.
385 1627 429 1700 ln
449 1631 687 1702 nullumvcro
704 1633 823 1704 minus
840 1659 946 1727 quam
962 1631 1087 1704 Gallo·
1232 1630 1307 1702 lam
1334 1657 1418 1702 vero
1450 1654 1509 1700 eos
1530 1629 1622 1722 Regi
1646 1627 1835 1700 Gallorum
1867 1627 2123 1722 remflgratissi-

92 1757 176 1804 rum
196 1755 315 1822 regem
331 1732 539 1816 convenire,
563 1747 605 1803 ut
621 1734 811 1804 amicitiam
826 1759 953 1826 parum
969 1747 1087 1806 sancte
1131 1755 1225 1803 mam
1250 1735 1423 1818 facturos,
1456 1733 1487 1801 si
1510 1731 1646 1802 Ducem
1670 1723 1849 1802 Cocalum
1874 1725 2124 1808 Geldriorum,

92 1831 233 1906 habeat.
291 1831 478 1902 Neminem
509 1834 605 1902 enim
630 1859 789 1929 unquam
809 1860 874 1926 pro
896 1833 1086 1906 Germanis
1131 1857 1236 1904 suum
1256 1836 1389 1904 socium
1417 1847 1452 1902 et
1473 1835 1778 1918 confoederatum,
1808 1847 1842 1903 et
1864 1835 1980 1926 ipsum
1992 1831 2032 1900 in
2048 1855 2124 1903 cam

91 1936 301 2004 alacriorem
324 1946 358 2002 et
376 1934 630 2025 promptiorem
655 1959 691 2006 se
713 1939 882 2008 obtulisse
903 1937 942 2006 in
961 1937 1087 2006 discri-
1131 1936 1328 2006 societatem
1344 1935 1549 2005 adsciscant.
1575 1933 1616 2004 Si
1633 1934 1728 2004 enim
1744 1930 1985 2014 hocfeccrint‚
2006 1955 2124 2021 regern

89 2059 177 2106 men
202 2059 308 2130 quam
331 2057 448 2123 regem
467 2034 667 2106 Gallorum.
719 2037 845 2110 Nullos
868 2063 974 2132 quam
994 2036 1087 2108 Ger·
1132 2034 1321 2114 Gallorum
1337 2032 1522 2131 babituros
1540 2035 1803 2109 amicissimum.

89 2159 217 2206 manos
239 2133 452 2205 cum'Gallis
474 2151 507 2206 et
523 2133 648 2208 Gallos
662 2163 750 2232 cum
769 2137 959 2212 Germanis
978 2140 1086 2208 fuisse

89 2237 368 2320 coniunctiores.

195 2335 317 2430 ltaque
335 2359 416 2406 cum
431 2336 607 2427 intelligat
620 2361 681 2408 rer
695 2337 736 2406 in
753 2360 876 2410 eorum
895 2342 1085 2414 concordia
1129 2335 1196 2410 No.
1218 2337 1330 2413 1378.
1672 2379 1677 2392 ·
1960 2337 2123 2408 πολλοὶ

87 2450 125 2506 et
149 2437 282 2508 virium
299 2437 586 2510 confirmatorum
603 2452 637 2510 et
652 2461 821 2528 magnum
836 2465 909 2512 esse
924 2444 1085 2514 futurum
1138 2433 1310 2462 Μ
1399 2495 1407 2510 .
1585 2493 1611 2512 ..
1982 2429 2120 2454 Μ

85 2551 323 2622 momentum,
339 2562 456 2628 regem
474 2535 700 2610 vehementer
716 2544 977 2624 conturbatum,
995 2569 1086 2638 quo·
1296 2487 1430 2574 Aello
1443 2487 1608 2574 Reum
1626 2516 1723 2572 cum
1739 2485 1949 2572 pontano*

85 2639 157 2708 ties
187 2639 319 2710 viderit
347 2639 483 2732 aliquid
515 2636 609 2710 inter
638 2642 734 2732 ipsos
763 2643 991 2714 dissensionis
1013 2667 1086 2714 esse
1198 2645 1277 2716 Qu..
1290 2648 1394 2730 tegetes
1408 2645 1664 2729 Francirpmtegie
1681 2645 1793 2728 Guttae,
1812 2643 1929 2700 Belleia.
1943 2647 1971 2698 tn
1988 2653 2124 2698 conventu

85 2741 293 2810 subortum:
320 2739 471 2834 seoque
495 2736 589 2810 uss
607 2736 774 2812 tn...
790 2759 964 2836 perpetuo.
977 2747 1086 2838 psus,
1230 2713 2124 2856 luculentiastataet:fatescente:

82 2835 185 2909 nihil
205 2840 404 2934 antiquius,
437 2867 541 2934 quam
566 2844 678 2936 utpsic
700 2845 909 2916 dissidentes
936 2849 979 2917 de
999 2847 1085 2916 reli·
1230 2853 1296 2920 sm,
1323 2851 1422 2904 esser.
1434 2851 1938 2933 unusspatstteusttcert·mentun,
1960 2851 2124 2904 wluerot-

82 2942 196 3032 gpone
212 2941 465 3014 reconciliaret·
1229 2931 1276 3040 pta
1293 2927 1369 2974 nuuc
1386 2931 1449 2974 suut
1462 2939 1490 2972 m
1503 2919 1631 2974 Tabulas.
1647 2923 1741 2974 Vruar.
1753 2919 1821 2988 fleg.
1833 2919 1866 2974 ll.
1881 2917 1931 2972 tot.
1946 2919 1988 2973 97.
2011 2929 2124 2984 (secun-

1250 3009 1296 3046 um
1319 2986 1545 3042 Scclcndorlium
1561 2987 1611 3046 tot.
1632 2989 1685 3054 99.)
1707 3007 1752 3040 no.
1773 2986 1817 3041 ⁴2.
1851 2987 1891 3040 lbi
1912 2987 1991 3040 etiam
2010 2985 2124 3040 babetur

192 3041 327 3131 Regem
350 3043 488 3128 videre,
513 3045 685 3114 remorari
706 3047 895 3118 concilium
916 3063 1021 3142 caput
1039 3051 1084 3120 de
1229 3057 1287 3111 ¹¹⁰0
1305 3056 1435 3124 spatarius
1461 3057 1592 3127 seriptum
1613 3057 1645 3110 δῦ
1665 3056 1819 3126 ⁰0¹¹⁰¹t¹¹⁵⁰2
1851 3055 1925 3126 ΨΜ
1944 3055 1997 3108 tute
2019 3053 2123 3108 Μ’)

81 3145 168 3212 loco
186 3139 359 3227 Consilii,
390 3143 455 3212 ubi
479 3147 688 3216 sententiam
711 3147 823 3217 libere
840 3150 955 3220 dicere
970 3151 1083 3236 liceat.
1131 3204 1134 3213 .
1228 3121 2125 3274 {ffessnffi'sffipgfflffis‘g‘ffig‘jafifffiuffj¹⁰33&

6 3317 7 3322 ,
82 3242 130 3312 ld
155 3246 251 3335 qttod
273 3245 503 3334 praecipuum
519 3247 575 3319 sil.
627 3245 759 3336 Regem
777 3251 904 3339 igilur,
929 3253 1083 3322 veritum
1226 3263 1351 3316 versione
1365 3261 1455 3384 operia
1467 3261 1690 3342 Seelendorliani
1701 3279 1868 3342 germarus,
1885 3271 1997 3314 auctore
2011 3257 2122 3312 Friclio

83 3369 129 3414 ex
173 3343 463 3416 dissimilitudine
504 3349 785 3420 ceremoniarum
826 3352 1083 3422 dissensionem
1228 3327 2121 3402 ¹³⁶¹⁸’W¹⁶h¹²¹⁸¹¹²⁸‘'¹¹¹²⁰¹’‘¹²b²¹⁶¹⁴¹¹²¹²“¹T·XV¹¹'¹'·³⁷⁸)

81 3469 233 3540 quoque
250 3447 457 3564 animorum
479 3461 514 3518 et
536 3449 672 3519 bellum
694 3451 902 3523 intestinum
926 3454 1083 3524 nascitu-
1126 3461 1257 3566 „Quid
1279 3461 1398 3561 Regis
1425 3459 1627 3536 Gallorum
1652 3451 1798 3536 Orot'or
1831 3457 2122 3538 Gnilt'elmus

80 3571 186 3632 ‘³¹¹¹’
210 3567 346 3615 m¹⁵¹⁸⁵⁶
362 3569 444 3616 ⁸⁰⁰⁸
460 3549 503 3616 ad
521 3549 627 3641 iPsos.
926 3625 930 3634 .
1127 3565 1239 3642 Bell
1247 3593 1271 3638 a
1282 3567 1298 3638 ι’
1306 3591 1376 3655 ns,
1408 3559 1588 3662 Longari
1610 3563 1801 3652 dominns,
1832 3589 1911 3636 cum
1927 3563 1980 3642 D.
2000 3561 2123 3638 Pon-

192 3645 392 3766 Secflsstlssm
414 3648 599 3766 legjtllfflis
618 3675 701 3720 suae
721 3665 858 3744 Parleffl
881 3652 974 3726 hant
996 3681 1081 3729 esse·
1126 3681 1236 3742 lano
1260 3659 1501 3746 cancellario
1517 3667 1635 3742 Elect.
1649 3665 1745 3739 Sar.
1762 3675 1795 3738 et
1812 3665 1878 3736 rclr
1906 3666 1984 3754 nis,
2012 3668 2120 3766 seria
2191 3653 2195 3662 ⁵

78 3747 214 3870 Quum
235 3771 297 3818 rex
316 3749 561 3834 rutellexrsset,
577 3775 643 3868 'eos
663 3777 785 3870 omnes
802 3755 876 3824 vias
893 3758 1082 3828 dissensio-
1124 3767 1283 3844 secunda
1307 3781 1390 3870 post
1416 3767 1571 3844 Domin,
1589 3767 1677 3846 .IV,
1704 3765 1856 3842 Aderat.
1880 3691 1932 3866 ii.
1951 3792 1977 3842 ι.
2000 3766 2035 3841 d.
2057 3775 2119 3846 20.

77 3875 141 3920 urs
179 3851 448 3933 interclusuros,
481 3864 643 3922 statuisse
675 3855 762 3944 ipsis
789 3857 946 3926 studium
977 3883 1081 3930 suurn
1123 3869 1333 3970 paemen]
1361 3869 1623 3944 Smalkaldiae
1653 3869 1723 3942 sub
1757 3865 1961 3938 diluculum
1995 3871 2119 3965 egerit.

74 3949 263 4070 polliceri.
312 3949 523 4070 Promittere
540 3953 648 4042 igitur
664 3977 797 4044 regem,
822 3958 852 4026 si
869 3959 906 4027 in
922 3959 1080 4052 ipsorum
1248 3972 1308 4050 M,
1323 3969 1579 4050 D‚XXXV,”
1623 3970 1799 4070 (Inscriptio
1813 3969 1992 4067 Spoletini.)

74 4060 290 4124 socaetatem
305 4065 533 4142 suscrpratur,
559 4069 776 4150 assumptum
790 4057 930 4128 fidelem
946 4062 1080 4130 socium

73 4169 112 4225 et
137 4152 299 4222 amicum
323 4153 496 4250 sutumm.
545 4151 594 4226 Et
614 4157 710 4242 lore,
734 4171 775 4229 ut
791 4184 879 4252 quos
896 4155 1080 4232 diversitas

74 4252 303 4346 opinionum
329 4253 537 4341 seiunxerit,
570 4257 767 4330 similitudo
792 4263 971 4333 doctrinae
995 4288 1081 4334 con-

76 4359 222 4444 iungat.
271 4351 406 4442 Regem
430 4356 526 4424 euim
548 4351 733 4433 habituros
750 4375 784 4434 et
802 4363 935 4432 socium
952 4365 1083 4435 fidissi-

74 4481 187 4528 mum
204 4465 238 4523 et
253 4470 411 4524 autorem
422 4449 460 4550 ⁸)
474 4458 512 4525 in
528 4459 1030 4558 omnibusuigilantissimum.

190 4551 266 4624 Iam
286 4579 369 4625 vero
385 4555 537 4628 Paulum
553 4557 618 4628 lll.
634 4557 841 4634 Pontificem
855 4564 962 4640 Rom.
979 4590 1080 4657 saepe

71 4660 159 4749 regi
185 4655 403 4747 pollicitum,
435 4681 471 4728 se
490 4660 601 4733 multa
615 4665 851 4755 temporibus,
874 4669 986 4738 multa
1003 4669 1081 4760 paci

70 4759 251 4854 publicae
266 4759 447 4832 daturum.
505 4757 639 4850 Regem
666 4787 808 4859 quoque
831 4769 1011 4859 polliceri,
1043 4793 1080 4839 se

69 4881 273 4952 nunquam
296 4859 454 4950 ipsorum
470 4861 617 4933 utilitati
634 4877 738 4958 atque
756 4870 955 4940 necessitati
976 4871 1079 4941 delu-

69 4972 228 5044 rurutn,
264 4955 337 5030 sive
360 4962 405 5032 ad
427 4961 544 5062 ipsum
566 4965 754 5037 mittantur
773 4969 848 5040 sive
871 4971 916 5040 ab
936 4973 1013 5064 ipso
1033 4974 1076 5042 ad

71 5075 231 5135 nostros
250 5055 307 5129 bis
327 5063 371 5131 de
392 5063 500 5132 rebus
521 5065 732 5138 collocuturi
755 5071 943 5144 mittantur
960 5073 1080 5144 selecti

69 5167 235 5258 aliquot.
284 5159 440 5232 ¹Interim
470 5159 607 5236 berturi
627 5186 766 5259 regem,
796 5185 966 5268 utquam
987 5174 1079 5244 inie-

66 5269 156 5338 rint
169 5261 376 5332 'societatem
391 5279 510 5336 sancte
523 5259 654 5356 colant,
672 5295 857 5362 memores,
877 5271 963 5348 baec
975 5299 1079 5370 prae-

105 5487 142 5558 t)
164 5485 311 5542 autorem?
327 5515 364 5528 -
379 5483 501 5542 incertus
514 5505 574 5542 sum
589 5489 623 5544 de
637 5489 692 5548 boc
705 5461 851 5554 vocabalti.
1158 5501 1186 5568 l)
1202 5497 1387 5558 sech-allum.

1124 4091 1295 4178 Primum
1318 4109 1362 4178 de
1377 4107 1530 4200 primatu
1544 4105 1702 4178 Romani
1717 4105 1898 4176 Pontificis
1915 4105 1988 4176 sive
2002 4101 2118 4200 Papae

1124 4211 1254 4280 sentire
1276 4233 1393 4298 regem
1419 4205 1607 4280 Gallorum
1634 4207 1842 4292 nobiscum,
1875 4207 1953 4278 iure
1978 4221 2117 4278 tantum

1124 4304 1293 4396 humano,
1316 4335 1390 4380 non
1407 4309 1530 4404 dipiuo
1546 4334 1626 4378 eum
1643 4303 1783 4396 habere,
1807 4331 1922 4398 regem
1940 4333 2023 4378 vero
2037 4305 2117 4382 An-

1123 4411 1262 4502 glorurn
1292 4437 1336 4485 ue
1360 4406 1517 4480 humano
1543 4411 1687 4506 quidem
1711 4435 1791 4482 eum
1801 4403 1828 4506 ¹)
1854 4409 1922 4500 ipsi
1948 4410 2116 4486 tribuere.

1123 4509 1304 4586 Hactenus
1321 4511 1414 4582 enirn
1431 4507 1499 4582 hoc
1510 4509 1715 4586 Romanum
1726 4509 1934 4582 Pontificem
1948 4525 2115 4584 conatum

1125 4627 1311 4708 perpetuo,
1340 4628 1381 4684 ut
1404 4627 1552 4704 poneret
1575 4627 1608 4682 et
1629 4614 1770 4712 eliceret
1792 4635 1881 4706 quos
1895 4613 2003 4682 vellet
2019 4635 2115 4704 reges

1124 4717 1260 4808 regnis:
1286 4715 1377 4786 sicut
1400 4716 1505 4784 etiam
1525 4728 1764 4807 nunclcontra
1783 4737 1898 4802 regem
1913 4709 2116 4804 anglorum

1123 4819 1308 4898 moliatur,
1343 4815 1536 4910 quamlibet
1568 4818 1776 4908 deprecante
1808 4837 1888 4906 rege
1916 4813 2115 4900 Ganmm,
2144 4871 2149 4888 .

1122 4913 1393 5012 deprecantibus
1418 4918 1522 4988 etiam
1546 4929 1580 4988 et
1602 4915 1887 4990 dissuadentibus
1911 4913 2114 4988 Cardinali-

1122 5021 1188 5094 bus
1213 5019 1318 5112 ipsis,
1347 5017 1509 5112 quamvis
1535 5043 1648 5114 neque
1670 5015 1875 5090 Romanum
1895 5014 2114 5102 Pontificem,

1122 5147 1236 5218 neque
1252 5145 1334 5192 suos
1351 5112 1474 5192 omnes
1492 5133 1717 5192 metuentem.

1222 5217 1407 5302 Secundo,
1432 5222 1641 5294 sententiam
1661 5233 1817 5292 nostram
1835 5219 1879 5290 de
1896 5231 2113 5294 sacramento

1121 5319 1365 5396 Eucharistiae
1388 5323 1464 5414 regi
1486 5323 1641 5416 placere,
1670 5321 1782 5416 ipsius
1802 5335 1920 5392 autem
1940 5315 2114 5412 theologis
