4834 6274
91 315 183 392 ιιι·
649 298 1085 387 narsnonaauu
1117 297 1260 381 uta·
1285 296 1368 383 vn
1421 303 1548 385 assa.
2043 311 2132 390 990-

91 477 425 562 oratori'l’ontilicio
457 483 592 558 dictum
619 487 683 559 sit':
717 499 842 558 tamen
861 475 1077 554 Celsitudini
1127 469 1298 551 aneee'cce
1312 477 1361 548 ita
1374 477 1543 565 colloces,
1568 491 1609 552 ut
1622 493 1743 552 tamen
1755 477 1910 553 familiae
1933 495 2014 578 tuae
2034 509 2116 579 pars

92 615 169 664 suae
184 611 388 683 persuasum
411 609 505 675 esse,
536 589 607 661 talc
627 587 819 660 concilium
843 579 1076 660 christianum
1110 577 1191 668 ,⁸312
1216 593 1322 674 teque
1343 575 1472 654 habeat
1490 579 1692 663 ⁸¹¹tdi⁰fflm
1715 607 1755 656 at
1775 605 1917 654 morum
1940 587 2118 678 guberna·

22 674 28 703 ‘
91 709 236 770 aranon
252 703 323 766 tam
338 703 483 784 propter
491 703 639 762 nostros
656 713 763 786 qnam
774 687 863 760 alios
876 699 912 758 et
925 681 1077 756 maxime
1125 692 1249 754 torem.
1302 677 1343 752 ld
1359 692 1434 752 ιιοιι
1449 679 1565 752 solum
1581 697 1683 774 pater
1696 698 1814 775 rugat,
1839 687 1900 756 sed
1917 687 1993 780 ipsc
2009 691 2118 764 etiam

92 809 219 869 exteras
238 793 401 864 nationes
425 793 661 868 necessarium
684 790 829 863 etutile
850 787 948 874 fore,
975 797 1018 858 nt
1035 805 1077 854 ca
1125 783 1349 870 adolescens,
1364 783 1445 878 ,qui
1459 783 1694 868 admiratione
1715 787 1898 874 doctrinae
1921 803 1956 860 et
1977 792 2120 865 simnia

91 895 269 968 occasione
285 893 431 964 adillos
451 916 614 988 quoquc,
643 894 774 989 quibus
794 888 997 980 evangelica
1016 905 1079 960 voe
1125 897 1207 956 tuac
1251 885 1417 956 incensus
1463 885 1738 959 familiaritatem
1782 901 1889 982 atque
1926 893 2118 964 amicitiam

90 999 174 1072 ritas
192 997 357 1068 nondum
383 1007 474 1069 esset
498 993 686 1088 patefacta,
719 991 892 1065 sincerior
916 985 1077 1060 domrina
1126 999 1225 1057 tuam
1239 986 1344 1058 valde
1359 983 1500 1080 expetit.
1551 985 1628 1058 Alii
1646 989 1789 1062 fueraut
1806 1004 1967 1074 autores,
1993 1009 2034 1066 nt
2048 1009 2120 1066 sta-

90 1099 305 1196 perveniret,
344 1109 449 1190 atque
480 1121 588 1192 qnam
615 1096 785 1169 latissime
814 1102 1080 1188 propagaretur,
1127 1087 1192 1162 tim
1211 1087 1251 1156 in
1264 1085 1404 1160 ltaliam
1426 1089 1645 1178 mitteretur,
1679 1093 1741 1162 scd
1761 1091 1800 1162 id
1820 1091 1990 1194 distracti,
2022 1099 2120 1192 quod

78 1215 129 1276 ut
151 1218 241 1296 quae
262 1222 339 1286 non
358 1195 535 1270 humanae
558 1199 750 1294 sapientiae
771 1207 833 1268 ant
847 1187 1080 1288 persuasioni,
1129 1187 1235 1259 sciam
1251 1187 1290 1260 in
1303 1183 1373 1260 hoc
1387 1211 1515 1282 genere
1530 1189 1729 1266 litterarum
1744 1193 1864 1264 deesse
1881 1194 1933 1266 ibi
1956 1190 2039 1268 huic
2060 1221 2121 1268 ae-

91 1325 178 1400 quae
192 1323 312 1374 errare
325 1313 458 1394 potest,
483 1299 678 1386 innitatur,
709 1299 770 1372 sed
792 1318 899 1390 snper
919 1289 1081 1365 firmissi-
1128 1289 1192 1362 tati
1204 1291 1399 1380 magistros.
1451 1289 1539 1368 Tibi
1551 1291 1661 1384 igitur
1678 1297 2001 1386 commendandum
2016 1301 2122 1372 duxi·

88 1425 182 1480 mam
194 1416 330 1498 petram
348 1402 449 1476 verbi
463 1401 645 1473 divini'in·
662 1415 846 1472 aeternum
869 1415 1081 1490 permanen·
1129 1414 1229 1476 mus,
1255 1405 1296 1464 ut
1311 1417 1393 1464 eum
1409 1415 1475 1484 pro
1498 1407 1559 1464 tua
1579 1397 1769 1487 prudentia
1791 1419 1909 1490 regas,
1941 1413 1976 1472 et
1998 1403 2042 1472 ad
2066 1421 2122 1474 eas

89 1509 135 1580 tis
148 1507 297 1578 fundata
313 1503 378 1591 sit,
408 1505 575 1576 adversus
596 1527 704 1600 qnam
725 1525 772 1574 ne
791 1511 914 1594 portae
937 1495 1081 1592 quidem
1130 1507 1222 1565 artes
1237 1495 1415 1580 traducas,
1441 1518 1528 1588 quas
1544 1507 1584 1566 tu
1600 1498 1751 1567 maxime
1773 1511 1809 1569 et
1830 1523 1926 1572 amas
1951 1514 1986 1574 et
2006 1526 2123 1583 ornas.

89 1611 287 1680 inferorum
299 1629 459 1702 unquam
474 1608 732 1700 praevaliturae
749 1603 831 1676 sint.
1131 1593 1355 1666 Tirocinium
1375 1597 1470 1688 apud
1492 1589 1794 1672 Amerbucchs'um
1816 1601 1921 1687 fecit,
1958 1605 2021 1674 sed
2043 1615 2124 1676 tan-

188 1709 375 1782 Postremo
403 1721 542 1800 gratum
568 1709 677 1796 fuisse
708 1701 889 1776 illustriss·
913 1696 1084 1790 Principi,
1131 1709 1208 1769 tum
1235 1713 1415 1784 semestre,
1457 1697 1688 1776 revocabatur
1717 1703 1812 1771 euim
1845 1697 1910 1776 ded
1936 1699 1985 1776 τὰ
2014 1700 2125 1800 βίαια

89 1813 186 1910 quod
202 1825 324 1883 orator
338 1807 521 1882 Pontificis
535 1811 651 1882 officia
669 1829 732 1880 sua
747 1803 941 1878 detulisset.
989 1797 1083 1872 uam
1133 1792 1409 1899 προςτάγματο.
1467 1795 1593 1894 Coepit
1622 1815 1740 1874 tamen
1767 1827 1889 1875 versus
1918 1805 2054 1894 facere,
2089 1823 2124 1882 et

89 1913 225 1988 lllustr.
235 1911 438 2003 Principem
450 1913 573 1984 eadem
588 1909 744 1988 vicissim
759 1929 833 1979 esse
846 1902 1084 1998 propensione
1133 1901 1295 1972 nondum
1310 1900 1495 1972 constituit
1512 1904 1675 1974 accedere
1697 1899 1788 2002 πρὸς
1810 1899 1858 1978 τὰ
1882 1898 1961 1980 τῶν
1981 1901 2126 2012 δικαιο-

90 2040 171 2108 erga
187 2011 399 2100 Oratorem,
420 2027 462 2086 nt
477 2037 592 2110 neque
608 2013 726 2086 studio
741 2031 858 2104 neque
869 2004 1085 2078 benevmcn·
1133 2005 1213 2076 κῶν
1235 1995 1556 2108 λεπτολογήματα,
1583 2005 1643 2076 sed
1659 2005 1703 2076 iis
1718 2031 1754 2077 se
1767 2007 1905 2080 artibus
1921 2009 2049 2082 dedere
2064 2036 2126 2082 cu-

90 2119 141 2190 tia
158 2119 346 2190 defuturus
361 2117 408 2187 sit
422 2117 507 2208 ipse.
1134 2103 1208 2198 pit,
1228 2105 1268 2174 in
1291 2103 1422 2198 quibus
1443 2117 1477 2176 te
1499 2107 1589 2176 duce
1615 2121 1731 2204 sperat
1755 2131 1792 2178 se
1813 2109 1962 2182 feliciter
1982 2137 2128 2206 promo-

192 2215 261 2288 His
275 2215 379 2288 dictis
394 2217 541 2308 digressi
556 2230 661 2301 sunt,
686 2215 799 2290 salute
814 2225 920 2308 atque
943 2211 1087 2282 dextera
1135 2199 1257 2278 tut'dm
1273 2227 1357 2280 esse.
1407 2199 1572 2277 Christus
1585 2207 1700 2280 faveat
1715 2223 1748 2281 ct
1763 2211 1921 2282 consiliis
1945 2227 1979 2284 et
2001 2217 2129 2286 studiis

91 2319 250 2392 vicissim
268 2319 361 2392 data.
1135 2309 1224 2379 eius.
1275 2303 1382 2378 Pater
1405 2305 1616 2382 liberalitate
1646 2333 1709 2382 sua
1740 2311 1924 2404 ingenium
1956 2315 2023 2385 filii
2053 2341 2127 2388 non

1139 2405 1309 2502 gravatim
1322 2409 1430 2484 fovet.
1480 2407 1597 2508 Spero¹
1609 2423 1642 2482 te
1656 2425 1691 2485 et
1705 2409 1860 2506 Reipub.
1873 2429 1907 2487 ct
1919 2415 2030 2508 ipsius
2043 2419 2130 2488 ado-

1139 2509 1303 2583 lescentis
1319 2533 1440 2582 caussa
1461 2511 1568 2586 nobis
1590 2513 1866 2605 gratificaturum
1888 2540 1978 2606 esse,
2012 2533 2130 2592 tamen

89 2655 148 2728 No
183 2649 283 2726 1355
615 2711 620 2720 ι
922 2661 981 2724 30·
998 2647 1077 2718 No„
1141 2627 1270 2700 teoro,
1293 2625 1353 2700 ut,
1376 2625 1549 2708 quantum
1565 2627 1626 2688 tua
1646 2617 1810 2688 valetudo
1833 2631 1984 2716 tuaeque
2006 2643 2062 2692 res
2083 2623 2133 2692 si·

50 2801 58 2808 ⁸
99 2708 294 2786 ,ἆυ-ν’
916 2739 1087 2776 εον-ν
1140 2731 1252 2802 uunt,
1278 2714 1425 2801 efficias,
1459 2727 1499 2786 ut
1520 2709 1614 2788 hanc
1634 2721 1975 2794 commendationem
1998 2723 2134 2795 intelli-

374 2833 526 2922 1000h‚
559 2831 816 2922 camerario,
1141 2831 1199 2909 gat
1212 2829 1313 2911 pater
1329 2815 1503 2910 profuisse
1517 2817 1601 2892 lilio.
1651 2813 1729 2911 Ego
1745 2821 1890 2920 quidem
1903 2823 1996 2917 patri
2012 2825 2056 2896 de
2074 2841 2134 2898 tua

848 2953 851 2960 ·
1140 2915 1361 2992 humanitate
1378 2917 1525 3008 largiter
1538 2919 1718 3012 pollicitus
1737 2943 1829 2999 snm.

160 3017 297 3092 EPM
309 3015 448 3074 unere
465 3033 493 3087 ν’
507 3015 634 3090 ΜΨ
713 3063 721 3084 “
1242 3067 1298 3144 1)ο
1319 3069 1523 3148 valetudine
1545 3086 1605 3146 tua
1626 3067 1856 3150 valamenter
1875 3100 1986 3170 angor
2001 3081 2136 3168 animo,

92 3173 138 3255 V
135 3175 197 3248 iro
218 3173 356 3276 optimo
384 3169 415 3246 I
417 3167 560 3246 sachi
566 3197 635 3243 mo
659 3133 945 3246 Camerario
971 3165 1094 3242 Bam·
1143 3195 1251 3267 qnam
1272 3185 1313 3244 ιιι
1328 3173 1429 3244 omni
1450 3173 1589 3244 ratione
1609 3198 1725 3260 utres,
1758 3178 1788 3248 si
1810 3179 1897 3274 quid
1917 3181 1997 3274 opis
2020 3185 2075 3254 vel
2097 3185 2136 3255 in

89 3273 269 3376 bergensi
283 3271 498 3450 Pr'osessori
511 3273 733 3374 optimarum
753 3269 1039 3374 disciplinarum
1054 3271 1094 3344 ιἰι
1143 3274 1282 3349 radone
1303 3273 1437 3360 victus,
1475 3275 1534 3347 vel
1555 3275 1594 3346 in
1617 3279 1807 3365 remediis,
1846 3281 1904 3352 vel
1926 3283 1967 3352 in
1988 3277 2138 3356 thermis

252 3371 330 3452 Aca
360 3377 455 3450 emin
468 3373 705 3474 Tattngeast
723 3401 792 3448 suo
813 3375 944 3464 amico,
1145 3397 1219 3446 esse
1233 3374 1544 3462 animadverteris,
1569 3391 1604 3450 tc
1616 3379 1721 3448 valde
1734 3405 1810 3452 oro.
1859 3379 1915 3455 De
1929 3385 2037 3456 rebus
2048 3389 2138 3457 meis

1034 3549 1096 3598 ,m
1145 3479 1243 3574 ‘11¹⁰st
1262 3476 1434 3564 aninam,
1471 3473 1565 3548 nihil
1595 3481 1791 3552 admodum
1822 3477 1948 3561 babeo.
1998 3485 2139 3561 Consu·
2229 3555 2233 3570 ,

89 3515 140 3607 S.
174 3527 225 3602 D.
283 3525 388 3598 lianc
422 3527 608 3620 epistolam
643 3529 768 3600 reddet
800 3529 867 3600 tibi
894 3527 1033 3600 adolesc
1329 3579 1377 3648 Ἠ.
1428 3577 1438 3598 .
1548 3579 1561 3649 l
1878 3587 1887 3606 .
2013 3591 2022 3608 .

91 3628 236 3752 asperet
259 3627 355 3746 ,aava
381 3627 495 3712 attus,
536 3629 681 3717 ingenio
705 3631 903 3750 pacatas,
945 3625 1096 3749 araim
1144 3592 1547 3754 ffifflffijgg
1562 3585 1906 3758 “imam
1925 3613 2053 3682 ⁰t⁰r¹e
2079 3593 2138 3662 *ιδ

91 3730 423 3832 quademvtdetur,
456 3727 564 3820 pleno
588 3725 822 3802 humanatatts
842 3755 882 3801 ac
904 3743 1097 3816 suavitates,
1271 3735 1283 3804 ’.
1417 3787 1422 3798 .
1490 3786 1517 3798 ,.
1553 3733 1593 3796 ’.
1897 3733 1907 3756 ⁶

88 3851 132 3909 'et
147 3835 198 3908 ad
213 3831 349 3904 litteras
363 3841 457 3922 apto.
506 3827 649 3902 Nomen
662 3831 818 3904 familiae
832 3856 935 3903 nosse
951 3845 984 3904 te
999 3847 1098 3926 puto,
1244 3825 1327 3900 Dux
1344 3827 1520 3902 Saxoniae
1542 3832 1706 3904 nondum
1729 3835 1836 3906 rediit
1853 3860 1873 3906 a
1892 3835 1990 3930 Rege
2004 3834 2142 3912 Fadi-

91 3937 213 4010 babet
240 3933 335 4003 enim
357 3944 493 4024 patrem
509 3923 741 4018 Bostarem,
766 3931 955 4006 honestum
979 3930 1099 4006 homi·
1147 3923 1287 4008 nando,
1344 3927 1507 4004 Nuncius
1530 3927 1786 4032 Pontificius‘)
1812 3932 1907 4011 nibil
1933 3942 2003 4012 nisi
2026 3967 2143 4016 meras

91 4063 186 4112 nem
205 4059 246 4106 ac
259 4033 489 4128 locupletem,
519 4047 555 4105 et
576 4036 621 4104 de
641 4035 768 4108 studiis
789 4037 987 4108 litterarum
1008 4037 1099 4106 benc
1146 4055 1260 4124 nugas
1282 4033 1502 4120 circumfert,
1537 4035 1582 4104 de
1602 4031 1765 4108 Concilio
1794 4033 1888 4110 nihil
1915 4047 2003 4116 certi
2023 4039 2142 4118 habet.

86 4137 382 4222 'existimantem
401 4135 724 4229 deniqueinomni
744 4138 861 4210 officio
881 4139 1099 4228 diligentem.
1149 4132 1335 4208 Caesarem
1350 4135 1452 4206 aiunt
1466 4136 1506 4204 in
1522 4133 1646 4208 Sicilia
1667 4131 1916 4233 byematnrum
1935 4167 2019 4218 esse.
2070 4147 2144 4217 Ve-

90 4243 240 4334 Magua
255 4238 287 4308 ei
299 4237 521 4308 familiaritas
538 4251 589 4323 et,
613 4253 655 4310 ιιι
669 4239 796 4325 audio,
821 4239 928 4312 etiam
946 4239 1100 4312 amicitia
1150 4235 1226 4308 neti
1248 4247 1282 4306 et
1304 4233 1472 4306 Pontifex
1492 4235 1664 4308 dicuntur
1688 4247 1923 4334 συμπνεῦσαι
1950 4243 2047 4322 κατὰ
2074 4255 2143 4322 τοῦ
2222 4238 2227 4252 ’

91 4361 260 4420 osteum
285 4339 364 4410 viro
387 4339 522 4430 optimo
542 4353 605 4412 tuo
628 4340 728 4412 affini
742 4335 1102 4436 SigcmundoFurc-
1151 4328 1444 4434 αὐτοκράτορος,
1485 4337 1546 4408 sed
1575 4332 1669 4412 nibil
1692 4333 1807 4416 babeo
1831 4349 1930 4424 certi.
1990 4347 2145 4440 Quaeso,

92 4447 158 4520 rs'o
174 4441 257 4516 cive
272 4439 423 4526 Norico,
446 4441 511 4535 qui
525 4463 591 4512 nos
606 4467 748 4538 qnoqtre
763 4447 960 4516 admodum
980 4469 1104 4516 aman·
1152 4453 1194 4511 ut
1207 4439 1323 4532 primo
1337 4461 1480 4534 quoque
1499 4451 1662 4534 tempore
1679 4437 1770 4516 milri
1794 4459 1829 4518 et
1851 4450 1896 4518 de
1922 4453 2066 4522 caeteris
2089 4477 2147 4522 re-

89 4569 154 4625 rer
181 4543 496 4636 complectebatur.
552 4541 644 4618 Cum
670 4557 787 4616 antem
815 4545 929 4617 filium
952 4547 1106 4638 flagran-
1152 4543 1221 4612 bus
1243 4551 1277 4612 et
1299 4541 1344 4610 de
1364 4534 1432 4612 hoc
1454 4541 1676 4616 adolescente
1701 4547 1884 4626 rescribas.
1933 4547 2032 4625 Bene
2056 4555 2145 4629 vale.

86 4671 174 4728 tem
193 4665 317 4718 amore
333 4643 533 4716 litterarsun
555 4660 654 4738 pater
675 4661 769 4720 recte
791 4647 931 4722 institui
953 4661 1107 4742 cuperet,
1155 4641 1262 4714 lenae
1290 4642 1331 4712 in
1358 4641 1537 4737 Tyrigetis
1568 4641 1690 4716 Pridie
1712 4645 1789 4723 Cal.
1810 4649 1978 4728 Decemb.
2038 4653 2146 4728 Mitto

85 4769 239 4846 meque
256 4747 295 4818 in
314 4745 504 4818 consilium
519 4743 722 4836 adhiberet,
754 4749 847 4822 suasi
862 4763 905 4822 ut
917 4775 997 4822 enm
1012 4751 1057 4820 ad
1072 4763 1107 4821 te
1155 4759 1237 4818 tuac
1253 4745 1398 4836 coniugi
1413 4743 1578 4830 Xenion,
1599 4759 1633 4818 et
1648 4771 1774 4840 preoor
1788 4765 1828 4824 ut
1845 4747 1904 4825 hic
1918 4756 2064 4829 veniens
2083 4783 2150 4828 aa·

90 4857 284 4934 mitteret,
309 4847 412 4942 eique
427 4847 608 4940 pollicitus
623 4875 719 4937 sum,
746 4866 813 4924 tua
823 4852 938 4924 officia
951 4851 1051 4925 nulla
1067 4851 1106 4922 in
1156 4869 1225 4920 nus
1248 4845 1315 4920 tibi
1338 4857 1373 4918 ct
1394 4859 1476 4918 tuae
1495 4847 1642 4938 coniugi
1664 4863 1699 4920 et
1717 4851 1842 4925 liberis
1863 4858 1990 4928 vestris
2010 4859 2093 4930 felix
2116 4875 2151 4933 et
2246 4841 2259 4926 .’

93 4983 141 5030 re
179 4951 350 5024 defutura
381 4971 456 5020 esse
484 4951 718 5039 adolescenti,
756 4953 854 5050 quod
887 4969 924 5028 et
948 4951 1107 5047 Reipub.
1156 4947 1292 5022 faustus
1308 4947 1366 5020 sit.
1415 4941 1580 5022 Christus
1596 4965 1710 5024 servet
1728 4967 1763 5026 te
1783 4969 1817 5026 et
1838 4959 2027 5050 coniugem
2047 4975 2081 5034 et
2104 4963 2150 5032 li-

92 5075 235 5134 caussa
248 5071 386 5122 nnuma
399 5052 469 5122 lide
487 5055 604 5150 studia
630 5050 740 5128 huius
758 5056 881 5146 aetatis
903 5057 1026 5128 iuvare
1050 5081 1108 5128 so-
1156 5051 1271 5124 beros

94 5165 224 5240 lares,
248 5165 285 5224 et
298 5153 452 5228 libenter
465 5177 610 5248 apuam
630 5158 779 5230 daturos
799 5179 892 5230 esses
911 5154 997 5232 lmic
1021 5159 1107 5230 ado-
1877 5181 1882 5190 ·
1902 5183 2088 5276 amm„

94 5255 262 5336 lescenti
285 5253 400 5326 bonae
422 5257 510 5350 spei.
569 5256 742 5332 Probavit
765 5283 886 5334 meum
917 5261 1108 5334 consilinm
1982 5293 1988 5304 ’
2088 5247 2097 5268 ⁰

96 5377 233 5460 pater,
264 5367 300 5426 et
313 5355 427 5428 fitium
442 5359 487 5430 ad
501 5373 536 5434 tc
550 5359 671 5435 mittit.
721 5359 925 5452 Quare,·si
944 5364 1020 5436 ficri
1042 5389 1108 5458 po-
1162 5363 1372 5384 ...-.....

97 5477 206 5546 test,
225 5475 378 5550 toroge,
402 5473 444 5532 ut
457 5463 502 5532 ad
517 5475 551 5534 te
565 5463 605 5536 in
621 5465 726 5536 aedes
748 5488 829 5538 sum
850 5477 928 5538 tuas
949 5467 1109 5562 recipias,
1161 5491 1191 5564 s,
1210 5491 1316 5566 verger
1332 5489 1423 5604 tus‘e
1442 5491 1500 5550 W.
