4920 6280
117 303 158 376 ιι
538 249 550 266 ’
684 295 1117 378 arrsrouauuu
1152 303 1275 382 cm.
1313 305 1360 379 v.
1413 305 1542 387 csso.
1730 369 1734 386 ,
2088 303 2160 379 ιι

121 466 282 602 Q
479 530 483 539 -
876 479 956 562 (tere
970 477 1074 564 Febr.)
1140 499 1233 548 rem:
1273 473 1387 577 ἀρχὴ,
1428 491 1470 552 ut
1491 479 1578 567 scis,
1611 477 1726 576 ἥμισυ
1753 471 1900 562 παντός.
1927 497 1934 508 ·
1960 475 2034 550 Ubi
2057 473 2131 546 exi-

871 573 1083 610 m
1141 600 1244 668 guam
1271 582 1479 674 particulam
1509 583 1671 654 civilium
1703 605 1824 654 rerum
1855 578 2036 672 coeperint
2067 577 2131 648 da·

417 637 541 724 Frid·
573 635 782 744 Mi'fflmb·
1141 705 1281 770 muare,
1312 697 1347 754 ct
1365 685 1423 754 via
1443 683 1532 756 facta
1555 686 1664 756 estad
1681 684 1890 754 laedendam
1901 681 2131 764 maiestatem,

169 819 240 874 pp„
259 814 441 884 ‚pmmg
461 837 477 872 g
496 852 505 874 ‚
522 817 583 884 3„
608 835 684 875 „m
701 820 855 877 mattos
872 841 903 878 er
920 822 1088 897 nupepbo
1141 805 1216 852 non
1231 785 1418 872 desinunt,
1450 787 1563 856 donec
1578 801 1715 856 motum
1730 785 1884 880 aliquem
1907 782 2129 852 exsuscitent.

200 886 449 946 monachismo.
489 885 547 982 eth·
563 887 624 944 879-
635 887 689 988 tot·
699 890 748 948 128.
1139 881 1230 952 Nam
1254 887 1417 958 diabolus
1439 888 1545 978 agitat
1561 889 1689 980 impios
1709 883 1892 970 homines,
1925 907 1970 954 ne
1993 879 2130 978 possint

599 997 605 1006 '
1140 985 1329 1076 quiescere.
1379 985 1445 1060 Est
1464 1003 1581 1060 autem
1602 989 1737 1061 diaboli
1758 988 1950 1072 indicium,
1980 983 2129 1054 menda-

1140 1087 1234 1156 cium
1254 1113 1290 1158 se
1314 1091 1508 1183 pertinacia
1529 1093 1668 1166 erroris.
1728 1087 1925 1160 Meministi
1947 1079 2128 1154 Moneta-

107 1172 147 1264 S.
158 1188 199 1262 D.
249 1187 329 1260 Tua
345 1190 585 1264 assiduitasin
601 1193 783 1264 mittendis
796 1195 909 1266 literis
925 1209 976 1268 est
997 1192 1088 1266 mihi
1140 1185 1254 1272 sitim,
1285 1193 1493 1286 equalibus
1516 1193 1683 1286 exemplis
1709 1205 1743 1260 et
1767 1214 1874 1286 quam
1896 1213 1915 1259 a
1934 1189 2052 1282 parvis
2070 1209 2128 1255 re·

106 1291 306 1384 gratissima
340 1311 467 1385 qnare,
499 1307 541 1364 ut
555 1317 632 1366 eam
649 1297 818 1382 retineas,
845 1294 1087 1370 tevehemen.
1137 1289 1205 1362 bus
1222 1292 1367 1364 initium
1382 1293 1504 1364 fecerit
1518 1293 1771 1366 tumultuandi.
1821 1290 1931 1360 Venit
1942 1283 2033 1360 mihi
2055 1285 2127 1356 iam

105 1410 153 1466 ter
174 1389 288 1489 010¹).
339 1391 540 1467 Consilium
562 1412 717 1492 vestrum
738 1399 783 1468 de
806 1401 942 1470 edenda
960 1402 1086 1472 confu-
1138 1391 1176 1460 in
1198 1409 1352 1464 mentem
1373 1391 1617 1478 vocisIonac,
1652 1419 1760 1489 quam
1777 1387 2068 1482 dixitMarpurgi
2086 1387 2124 1457 in

105 1496 225 1570 tatione
239 1495 409 1567 adversus
423 1491 676 1589 Anabaptistas
689 1500 801 1590 placet
817 1503 922 1572 nobis
939 1525 1085 1594 magno-
1135 1497 1285 1586 Prandio
1310 1499 1481 1590 prodam,
1520 1524 1601 1568 cum
1626 1497 1670 1568 de
1695 1493 1880 1586 Cfssglitsst
1902 1491 2043 1584 RePUb·
2071 1491 2126 1560 ¹⁰·

102 1621 196 1690 pere,
233 1607 269 1664 et
288 1597 437 1688 opinor,
473 1591 683 1670 Lutherum
709 1601 829 1675 litans
852 1627 891 1674 ea
915 1605 960 1672 de
979 1628 1019 1674 re
1037 1605 1092 1676 ad'
1136 1619 1342 1690 queremur:
1376 1593 1573 1674 Wmmic
1590 1591 1819 1668 dchauem
1835 1585 1985 1683 Bc'ret⁸)
2002 1585 2124 1690 haben

101 1693 267 1776 Manium
283 1701 368 1768 dare
384 1692 449 1795 *).¹
486 1698 595 1787 Quod
612 1703 743 1777 videris
759 1703 841 1792 angi
864 1721 1008 1797 propter
1028 1729 1084 1776 se.
1136 1696 1357 1794 reformirct,
1389 1723 1432 1770 so
1458 1697 1592 1772 wellen
1614 1697 1667 1770 sic
1690 1690 1860 1768 darnaclz
1883 1689 1944 1766 des
1961 1687 2123 1766 Forsan

101 1800 245 1869 veriores
258 1821 390 1892 poenas
405 1803 444 1868 in
459 1796 623 1872 homines
634 1805 852 1876 facinorosos
866 1809 1083 1893 constitutas,
1134 1794 1299 1871 Marder
1321 1795 1517 1874 Scbauben
1549 1795 1646 1872 auch
1678 1797 1912 1899 reformirm,
1952 1787 2122 1866 ‘lamaci’

102 1901 179 1972 duxi
207 1900 274 1970 tibi
303 1925 418 1972 meam
446 1903 656 1974 senteutiam
683 1909 970 1998 perscribendam
998 1932 1081 1982 esse.
1135 1894 1193 1970 die
1215 1896 1352 2001 Pscrde
1378 1899 1459 1974 und
1481 1899 1551 1974 das
1573 1894 1782 1998 Regiment.
1845 1899 2034 1992 Propterea
2059 1918 2122 1986 ego
2220 1911 2233 1922 ‘

99 1999 169 2092 Ego
183 2004 226 2072 ab
239 2001 366 2088 initio,
391 2027 473 2073 cnm
487 2006 643 2096 primurn
658 2009 758 2100 coepi
770 2032 873 2080 nosse
887 2002 1080 2082 Cironium
1133 2005 1247 2074 sentio
1264 2009 1307 2076 de
1324 2001 1398 2092 bis,
1430 2007 1494 2100 qui
1516 2008 1653 2078 etiamsi
1675 2029 1749 2076 non
1765 2005 1962 2074 defenduat
1976 1997 2122 2070 seditio-

100 2118 131 2175 et
151 2093 323 2174 Ciconiae
348 2105 559 2188 lectionem,
594 2109 691 2180 unde
723 2105 792 2180 hoc
824 2125 937 2184 totum
972 2136 1081 2204 genus
1133 2126 1189 2173 sos
1199 2107 1374 2195 articulos,
1390 2103 1715 2180 habentmanifeste
1725 2101 1754 2204 ⁷)
1770 2097 2004 2196 blasphemos,
2025 2099 2121 2194 quod

100 2203 405 2298 Anabaptistarum
428 2222 588 2278 exortum
610 2225 682 2298 est,
713 2211 767 2282 sui
790 2213 895 2284 stulte
917 2215 1080 2290 clemens,
1133 2203 1283 2290 interfici
1302 2235 1322 2280 a
1343 2209 1548 2300 magistratu
1569 2211 1730 2282 debeant.
1786 2205 1878 2276 Nam
1900 2203 2122 2292 magistratus

99 2303 300 2377 sentiebant
328 2303 468 2406 enirn')
496 2323 531 2380 et
561 2309 641 2398 alii,
678 2309 872 2384 haereticos
902 2340 976 2386 non
1007 2339 1080 2384 esse
1133 2307 1253 2394 debet,
1286 2325 1326 2384 ot
1351 2313 1418 2382 alia
1439 2313 1587 2403 ,publica
1610 2324 1644 2382 ct
1667 2307 1851 2378 manifesta
1874 2305 2040 2385 crimina,
2074 2302 2122 2372 ita

97 2407 184 2478 ferro
206 2407 471 2500 opprimendos.
521 2403 570 2482 Et
592 2426 677 2484 tunc
699 2409 799 2485 Dua·
820 2409 1079 2512 Fride'ricus’)
1133 2407 1366 2501 blasphemias
1379 2415 1581 2484 manifestas
1597 2426 1632 2482 et
1646 2410 1804 2502 publicas
1820 2408 1958 2500 punire.
1988 2401 2120 2474 Erem-

97 2503 316 2580 vehementer
337 2510 450 2596 iratus
469 2525 543 2582 erat
558 2505 750 2586 Ciconiae:
780 2543 820 2588 ac
840 2517 912 2586 nisi
933 2543 952 2588 a
974 2519 1079 2588 'nobis
1132 2511 1230 2602 plum
1244 2509 1417 2585 babemus
1439 2515 1478 2584 in
1492 2515 1568 2605 lege
1583 2511 1716 2608 Moysi.
1766 2507 1817 2608 Et
1837 2510 1874 2578 id
1896 2510 2041 2602 fortasse
2065 2529 2120 2576 se-

96 2621 201 2679 tectus
216 2623 322 2695 esset,
351 2611 477 2684 fuisset
499 2615 543 2684 de
558 2611 705 2689 homine
727 2619 862 2690 furioso
885 2635 920 2692 et
942 2621 1079 2711 perdite
1131 2613 1203 2682 cuti
1223 2627 1307 2684 sunt
1327 2613 1580 2708 Imperatores,
1617 2615 1680 2708 qui
1702 2609 1877 2684 Arri³¹¹⁰⁵
1904 2607 2022 2702 ΕΜῙΟ
2052 2631 2120 2700 1³¹¹·

93 2711 180 2780 malo
197 2724 354 2781 sumtum
369 2715 595 2808 srtpplicium.
646 2719 750 2790 Nunc
764 2745 821 2789 me
835 2721 908 2792 eius
925 2721 1078 2791 clemen.
1130 2713 1281 2786 ciendos
1304 2740 1376 2790 esse
1401 2719 1673 2790 constituerunt.
1721 2709 1901 2786 Bantius
1923 2709 2033 2783 nimis
2050 2709 2120 2778 cle·

93 2811 157 2882 tiae
184 2835 260 2884 non
290 2835 416 2905 parum
446 2820 613 2910 poenitet.
679 2819 780 2910 Quos
806 2823 867 2892 ille
894 2823 1078 2909 tumultus,
1130 2839 1229 2886 mens
1250 2831 1311 2892 est.
1332 2867 1341 2889 .
1361 2818 1432 2892 Sed
1456 2820 1616 2890 nondum
1640 2817 1806 2905 cognovit
1826 2837 1911 2898 11811,
1946 2825 2119 2906 quantum

93 2936 172 3006 quas
187 2914 216 3010 ⁴)
242 2910 406 3014 haereses
426 2933 546 3010 postea
568 2945 643 2990 non
665 2923 851 2993 excitavit?
900 2922 960 2996 Sic
981 2925 1075 2993 enim
1129 2919 1329 3007 contagium
1349 2921 1393 2992 sit
1411 2921 1450 2990 in
1473 2920 1636 2990 fanaticis
1654 2918 1848 3010 spiritibus.
1897 2907 2119 3002 Augustinus

93 3015 215 3084 sentire
237 3017 360 3086 debes:
397 3035 437 3090 ut
463 3045 504 3092 ex
519 3023 686 3094 dentibus
701 3025 872 3116 serpentis
895 3027 933 3095 in
957 3027 1075 3096 fabula
1129 3019 1233 3088 etiam
1255 3023 1415 3112 permisit
1435 3023 1552 3112 gladio
1573 3019 1726 3092 coerceri
1740 3015 1960 3102 Donatistas;
1990 3015 2034 3082 de
2056 3035 2118 3082 cu-

91 3129 201 3186 natam
225 3141 302 3187 csse
326 3117 465 3208 gentem
490 3139 661 3195 armatam
683 3127 819 3212 ferunt3
860 3128 909 3198 ita
932 3129 976 3197 ab
1002 3151 1075 3197 uno
1129 3119 1184 3190 ius
1204 3125 1375 3194 sententia
1398 3139 1499 3216 potes
1524 3123 1635 3214 ipsius
1655 3122 1767 3190 libros
1788 3115 1982 3188 consulere.
2032 3103 2117 3184 Lu-

89 3215 227 3288 Ciconia
256 3233 356 3291 ortae
377 3237 460 3293 sunt
485 3251 608 3296 omnes
630 3228 715 3297 istae
738 3229 907 3299 sactiones
932 3223 1076 3300 Anaba·
1128 3213 1253 3292 iherus
1272 3221 1340 3292 Dei
1355 3225 1467 3314 gratia
1490 3239 1583 3296 recle
1607 3224 1718 3306 Valet,
1748 3246 1788 3290 ³⁰
1811 3243 1914 3310 ⁵P²¹⁰
1937 3241 2017 3286 ⁰⁰¹⁰
2042 3240 2117 3285 ⁰⁰¹¹

88 3319 272 3410 ptistarum
300 3335 335 3392 et
363 3323 646 3416 Zinglianorum.
711 3327 832 3418 Quare
857 3329 906 3400 ita
934 3330 1075 3416 sentias,
1128 3325 1275 3396 omnino
1293 3327 1499 3396 relictorum
1521 3323 1759 3396 concionandi
1779 3319 2034 3398 ministerium,
2061 3331 2117 3388 ta-

87 3422 327 3512 magistratnm
343 3427 470 3498 debere
484 3429 538 3498 nti
555 3453 690 3499 summa
711 3431 894 3503 severitate
915 3431 953 3498 in
976 3455 1074 3500 coer·
1128 3427 1228 3496 metsi
1244 3428 1358 3496 rarius
1371 3423 1402 3522 ⁸)
1417 3427 1770 3512 nuneconcionatur.
1819 3419 1868 3491 Et
1883 3445 1962 3490 meo
1983 3417 2116 3490 iudicio

87 3523 200 3593 cendis
215 3520 429 3598 huiusmodi
442 3527 469 3626 ⁵)
490 3531 684 3623 spiritibus.
742 3529 851 3602 Vides
868 3557 973 3626 quam
990 3557 1075 3602 con-
1127 3528 1232 3598 debet
1254 3523 1384 3600 habere
1408 3521 1581 3600 rationem
1603 3523 1828 3598 valetudinis.
1879 3519 1957 3611 Ego
1975 3521 2155 3623 famant,¹

86 3635 185 3696 temta
201 3627 247 3696 sit
267 3631 457 3702 auctoritas
479 3633 766 3726 magistratuum
800 3657 905 3727 quam
929 3635 1000 3704 sint
1020 3658 1074 3703 se-
1127 3629 1170 3696 de
1185 3631 1410 3721 quascribis,
1436 3630 1595 3718 intelligo
1611 3629 1716 3698 nimis
1731 3646 1955 3708 veramesse;
1981 3621 2117 3690 morior

85 3727 156 3794 curi
168 3729 345 3820 improbi,
379 3733 463 3826 quia
477 3735 657 3804 lenitatem
676 3731 731 3802 vel
748 3737 864 3825 potius
885 3735 1075 3824 indulgen·
1126 3730 1222 3798 euim
1240 3733 1398 3822 quotidie
1412 3724 1462 3827 ¹⁵).
1499 3729 1607 3801 Mitto
1624 3731 1691 3800 tibi
1704 3719 1922 3817 οἰκονομίαν
1931 3721 2035 3792 Pauli
2047 3713 2116 3814 ”)‚

83 3826 162 3897 tiam
182 3831 221 3898 in
239 3831 393 3922 imperio
411 3849 545 3906 tantam
561 3859 636 3905 esse
651 3835 784 3908 vident.
837 3835 941 3907 Sinos
966 3823 1075 3927 igitur
1126 3831 1288 3900 libellum
1310 3857 1437 3922 magno
1461 3833 1582 3902 labore
1610 3830 1798 3921 scriptum,
1838 3849 1942 3921 quem
1967 3819 2116 3892 habebis

83 3931 180 4000 novis
195 3935 368 4026 exemplis
389 3937 553 4008 timorem
576 3937 689 4008 incuti
710 3937 945 4009 multitudini.
997 3935 1073 4008 Hac
1125 3949 1349 4002 communem
1372 3958 1452 4004 cum
1471 3927 1636 4002 Basilio.
1687 3929 1791 4000 N'unc
1817 3928 2039 3997 excuduntur
2062 3937 2116 3993 te·

81 4029 123 4098 de
141 4057 179 4102 re
196 4033 304 4124 plura
319 4037 530 4124 scriberem,
563 4039 662 4108 si'de
684 4051 743 4108 tua
761 4039 952 4130 prudentia
967 4039 1074 4110 dubi·
1125 4033 1291 4104 stimonia
1317 4037 1531 4128 scriptorum
1560 4048 1718 4104 veterum
1748 4033 1793 4100 de
1815 4026 1935 4100 Coena
1956 4023 2116 4110 Domini,

80 4143 200 4206 tarem.
260 4133 320 4206 Ad
343 4134 430 4210 haec
452 4155 558 4210 nolae
583 4139 650 4210 libi
676 4153 758 4209 sunt
783 4164 906 4210 causae
928 4139 1074 4210 sedilio-
1150 4159 1214 4206 uae
1229 4137 1375 4227 collegi,
1407 4150 1441 4208 et
1462 4135 1645 4230 epistolam
1660 4131 1804 4224 praefixi
1820 4132 1863 4200 ad
1882 4145 1916 4202 te
1936 4129 2113 4219 scriptam.

79 4243 184 4320 numi
219 4261 309 4330 quas
330 4240 448 4330 gladio
473 4237 656 4331 prohiberi
673 4255 821 4332 oportet.
874 4236 1073 4334 Anabapti-
1124 4159 1344 4334 iiampanus
1389 4239 1487 4310 misit
1534 4231 1605 4306 huc
1651 4230 1861 4306 horribilem
1905 4227 2114 4322 disputatio-

80 4345 153 4402 stae
169 4361 311 4426 omnes,
344 4343 449 4411 etiam
466 4341 528 4436 qui
543 4343 731 4412 minimum
749 4338 882 4412 habent
897 4341 994 4427 vitii,
1018 4355 1073 4422 ta.
1124 4331 1312 4432 nem**').
1366 4339 1452 4413 Vale
1481 4332 1592 4410 1550.

76 4457 160 4505 men
181 4440 340 4536 aliquam
365 4455 501 4536 partem
525 4443 685 4514 civilium
714 4443 911 4530 officiorum
936 4443 1072 4536 impro-
1863 4451 2063 4550 Philippus.

76 4535 172 4614 bant.
229 4537 555 4638 Quantulacunquc
574 4569 630 4615 res
654 4557 722 4629 est,
752 4539 960 4626 tamenhoc
982 4558 1071 4614 tem·
1122 4597 1331 4622 ..........
1449 4629 1454 4640 ⁵
2101 4555 2105 4560 '

75 4661 161 4728 pore
179 4655 216 4712 et
238 4644 279 4712 in
302 4657 355 4716 tot
375 4645 543 4738 periculis
569 4646 727 4738 capitalis
748 4659 808 4718 est.
858 4641 949 4716 Cum
967 4643 1071 4716 initio

76 4737 150 4809 leve
171 4743 320 4816 videtur
340 4759 513 4834 erratum,
543 4747 716 4842 paulatim
738 4771 839 4818 error
860 4747 953 4839 parit
973 4771 1072 4819 erro-
1173 4751 1201 4822 ⁶)
1222 4753 1430 4824 sneppanca

1173 4834 1201 4906 7)
1219 4835 1297 4907 Sneg.
1314 4833 1477 4904 manifesto.

1172 4923 1200 4990 8)
1221 4919 1305 4992 Sneg.
1315 4921 1409 4974 rarius
1423 4917 1601 4990 praetermisit
1615 4925 1641 4970 et
1656 4935 1706 4988 pro
1718 4933 1751 4970 eo
1765 4917 1855 4990 posuit
1867 4933 1926 4972 non
1938 4927 1999 4991 post
2011 4933 2094 4975 nune.

125 4971 154 5038 ¹)
173 4969 261 5042 sm*
279 4985 361 5038 Μεθ’
1155 5011 1186 5078 *)
1202 5004 1367 5077 Argentinae
1390 5025 1488 5058 rumor
1506 5023 1613 5074 sparsus
1635 5014 1706 5071 erat,
1730 5002 1936 5058 Melentboncm
1957 5022 2014 5058 esse
2035 5023 2111 5058 uror·

107 5055 136 5124 ⁸)
154 5053 219 5108 via.
232 5053 321 5178 Epist.
335 5051 412 5106 butb.
426 5053 458 5106 ecl
472 5051 589 5174 Mpeon.
603 5071 665 5127 epp.
679 5051 726 5115 ill.
741 5071 768 5127 p·
782 5051 842 5109 558.
856 5059 884 5110 el
896 5043 929 5108 ai
943 5051 1067 5108 Meuium
1189 5087 1277 5132 guum·
1316 5073 1377 5128 vig-
1391 5075 1469 5144 φὴ..
1483 5073 1516 5126 ,g
1531 5071 1669 5128 cmm·
1683 5073 1710 5124 g,
1722 5073 1748 5126 5,
1765 5071 1848 5126 Mffl,
1863 5073 1890 5126 g,
1904 5091 1929 5126 ι

122 5123 171 5258 2d‘
189 5123 233 5176 η
277 5141 319 5192 pr'
333 5120 365 5174 T
381 5121 429 5174 Μ’
447 5122 502 5220 p'i
519 5125 547 5176 θ’
1152 5164 1202 5234 ”l
1221 5159 1349 5232 lntelligit
1362 5158 1432 5212 baud
1448 5157 1543 5210 dubles
1564 5155 1778 5226 Dispositionem
1790 5155 1921 5211 orationis
1933 5155 1961 5211 in
1975 5175 2018 5230 ep.
2032 5151 2110 5212 Pauli

140 5210 152 5276 )
169 5205 260 5276 3⁰²8·
277 5205 435 5258 “numi
451 5222 527 5258 ‘'m''
540 5213 571 5257 “²
585 5214 615 5258 ‘³
628 5207 668 5258 αἱ·
681 5213 733 5260 ⁸⁸⁰·
1187 5233 1221 5288 ad
1236 5231 1374 5284 Romanos
1387 5227 1499 5282 authore
1513 5225 1562 5280 Pb.
1577 5225 1642 5280 Mel.
1655 5225 1753 5296 Hagen.
1768 5243 1817 5296 per
1832 5224 1974 5282 inserer.
1987 5227 2061 5282 1⁶29.
2084 5227 2110 5279 8.

122 5289 151 5425 ἲ)
169 5289 261 5424 {3:30
275 5284 404 5421 9319111,
418 5287 521 5349 frider·
536 5285 576 5342 nii
592 5287 643 5343 uiti
658 5288 696 5344 Ν·
712 5285 803 5344 edidit·
1187 5319 1256 5424 papae
1283 5297 1366 5352 altera
1393 5297 1451 5350 vice
1474 5293 1575 5366 prodiit
1594 5291 1779 5366 Witebergae
1802 5291 1876 5347 1530.
1905 5313 1955 5366 per
1981 5283 2110 5351 iocinera

122 5378 152 5522 ii
171 5387 262 5528 διιεῖ..
273 5387 420 5510 asico&
827 5503 832 5512 ‚
1151 5387 1297 5524 *equitia
1311 5449 1390 5524 epist.
1405 5447 1439 5506 ed
1452 5445 1617 5520 Myconium
1631 5465 1673 5504 ex.
1688 5443 1813 5505 ianuario
1825 5446 1854 5506 b.
1866 5467 1891 5504 ε.
1905 5447 2015 5522 scripta.

247 1041 299 1120 D.
324 1037 577 1136 Fridcrico
601 1041 935 1142 Mysonimetc.

74 4883 301 4904 ψ
