4872 6272
88 289 158 363 on
348 385 354 414 Ι
570 321 576 332 ,
655 277 1083 368 rmsrontnon

85 445 276 586 Q·
355 494 358 507 ·
775 466 1074 590 ···*(Q)

271 596 313 730 ,J
426 627 489 712 lo.
520 600 725 725 Strenuo·
898 683 902 690 .

147 793 513 942 uttuefdst
533 793 826 944 ·.nnut¹⁰
839 798 900 916 'u
914 794 1070 862 Μ

218 1010 246 1027 '¹
292 1009 567 1133 lio'ltanni.
595 996 814 1100 Stormio'.

1136 278 1246 368 Llioi
1276 292 1359 374 vlt.
1394 247 1548 372 '1533ss
2035 290 2111 372 ote·

1122 458 1306 568 dldpbrdiis
1336 461 1512 540 moderati
1543 445 1835 566 civesff'uu'inqu'e
1867 473 1962 542 male
1985 455 2121 563 incip-is*

1121 567 1301 664 Planeque,
1323 572 1434 642 fatum
1452 567 1544 660 ‚mihi
1568 568 1801 665 Theramenis
1825 575 2028 664 impendere
2050 575 2107 640 vi-

1121 673 1235 745 detur.
1286 669 1514 770 Credoenim
1531 666 1780 764 Xenophonti,
1812 670 2108 744 huncfoisseho-

1120 796 1208 842 num
1225 772 1358 844 sirum:
1388 771 1514 866 Lysiae
1530 797 1603 844 non
1624 777 1748 861 credo,
1781 777 1844 869 qui
1864 799 1944 844 eum
1970 775 2107 865 vitupe-

1008 895 1012 898 ·
1119 887 1186 946 ret.
1243 872 1313 944 sed
1333 896 1393 942 me
1411 875 1593 944 voluntate
1607 891 1720 946 rectae
1735 870 2009 971 consenuisset)
2030 897 2108 944 sus-

1120 987 1234 1043 tento:
1278 986 1315 1044 et
1343 975 1484 1044 intuens
1506 976 1545 1043 in
1566 983 1683 1046 veter'a
1711 989 1745 1046 ct
1774 971 1919 1046 honesta
1950 977 2106 1068 exempla

1119 1074 1285 1166 aequiore
1300 1077 1420 1144 animo
1437 1097 1658 1146 communem
1680 1079 1857 1164 fortunam
1881 1080 1966 1148 fero.
2017 1075 2106 1146 Cae-

79 1139 123 1230 s·
148 1165 194 1236 D·
250 1161 527 1258 Vssfam'ip‘tt
559 1163 658 1234 “⁵¹3⁸
691 1163 776 1248 θῖἷῑ,
806 1183 982 1234 mmmm
1012 1182 1071 1232 ΝΒ
1120 1187 1194 1244 tera
1211 1176 1331 1246 audies
1344 1181 1384 1246 cx
1403 1172 1449 1248 V
1443 1197 1559 1246 oraro.
1610 1176 1709 1248 Bene
1723 1181 1811 1249 vale.

80 1267 351 1344 contentionem¹
366 1262 584 1346 adhibuisse,
616 1265 662 1336 ut'
679 1259 769 1332 mihi
791 1262 960 1356 Princeps
980 1287 1071 1336 con·
1686 1291 1689 1298 Δ

81 1370 219 1438 cederet
246 1368 646 1458 abeundipotestatem.
708 1363 850 1454 Verum
879 1365 1087 1457 impetrare·

80 1493 151 1538 non
171 1469 486 1560 potuic-etoausas
500 1467 642 1565 copiose
656 1463 703 1540 D.
715 1458 907 1556 Longam·
916 1466 1069 1556 perscri-

79 1571 144 1660 psi.
196 1567 391 1664 Praecipua
408 1569 470 1638 illa
480 1564 507 1663 ¹)
528 1583 596 1652 est,
623 1567 726 1660 quod
744 1578 907 1636 metuunt
924 1567 1068 1658 preciu-

80 1671 188 1740 dicia:
220 1685 254 1740 et
269 1693 325 1742 me
340 1682 467 1761 putant
483 1670 665 1763 aliquanto
687 1667 806 1743 minus
823 1662 1066 1738 vehementem

79 1787 141 1844 aut
169 1771 384 1862 pertinacem
414 1793 505 1856 esse,
541 1793 649 1863 quam
676 1781 760 1838 sunt
780 1767 852 1838 alii
910 1763 959 1838 Et
983 1792 1068 1859 pro-

77 1873 312 1946 fectosicoet.
359 1870 443 1942 Non
457 1884 543 1963 puto
565 1869 852 1940 contendendum
873 1891 964 1954 esse,
998 1869 1068 1936 nisi
1136 1915 1140 1940 .
1185 1872 1268 1944 Epist
1285 1873 1318 1928 nt
1332 1873 1470 1932 Gamerae.
1489 1897 1515 1949 p.
1528 1877 1580 1932 247
1591 1898 1649 1952 sqq.

78 1975 122 2042 de
145 1974 339 2063 magnis-et
358 1972 571 2060 necessariis
587 1973 715 2040 rebus·
765 1967 849 2038 Non
869 1970 953 2038 volo
976 1969 1068 2043 tueri
1154 1965 1158 1970 ’

75 2097 202 2148 omnes
219 2069 480 2170 ἀκριβολογίας
494 2065 529 2144 et
545 2065 816 2168 ψυχρολογίας..
859 2064 1004 2158 Utinam
1022 2069 1067 2136 li-

75 2187 153 2244 seat
168 2175 407 2256 doetislibere
423 2171 565 2266 quui²)
585 2169 913 2259 demagniszrebus.
963 2169 1067 2240 Nnuc

72 2289 195 2344 autem
218 2287 267 2344 est
288 2274 502 2355 democratia
522 2286 585 2356 eut
606 2273 767 2366 tyrannis
787 2273 1012 2342 indoctorum
1028 2272 1067 2338 in

70 2389 229 2466 utraque
242 2376 453 2466 parte‚,qui
468 2373 630 2444 rixantur
643 2374 687 2441 de
703 2371 888 2442 nonnullis
907 2369 1067 2440 leviculis
1114 2343 1161 2434 S·
1187 2366 1231 2439 D.
1283 2365 1413 2438 Precor
1431 2365 1613 2472 Christum
1637 2397 1678 2444 ex
1702 2376 1840 2458 animo,
1874 2390 1912 2444 ut
1934 2371 2103 2444 beremi-

71 2477 204 2554 rebus,
228 2487 262 2544 et
278 2473 457 2544 interdum
472 2475 545 2543 suis
558 2473 743 2544 affectibus
757 2475 952 2543 serviunt·
1115 2469 1228 2553 gratio
1257 2467 1324 2537 tibi
1346 2483 1379 2540 et
1400 2469 1553 2562 Reipub.
1577 2469 1690 2544 'fausta
1715 2474 1866 2568 felixque
1889 2477 1952 2560 sit,
1989 2479 2102 2568 deque

177 2569 507 2662 Vidisfiflsadoleii
529 2573 722 2662 scripupffi·
751 2574 814 2666 qui
836 2574 981 2646 cumin
1002 2595 1067 2663 po.
1115 2571 1186 2636 tuis
1207 2571 1312 2639 rebus
1339 2571 1506 2640 omnibus
1539 2587 1572 2642 et
1599 2569 1738 2643 scholae
1766 2578 1930 2666 auspiciis
1960 2591 2116 2667 expecto'

73 2677 226 2748 steriore
254 2673 399 2768 parte³)
431 2671 674 2746 eadsintoicat
692 2695 794 2766 quae
818 2697 884 2744 nos
905 2674 1066 2744 defendi·
1104 2695 1133 2737 ·a
1159 2684 1192 2738 te
1215 2671 1365 2756 litteras,
1396 2669 1439 2740 et'
1452 2669 1596 2765 quidem
1611 2677 1823 2774 avidissime.
1876 2677 1928 2746 Ac
1944 2679 2101 2768 prolecto

74 2802 177 2861 mus,
202 2777 334 2846 iniuste
348 2779 448 2862 iacit,
474 2777 570 2870 quod
585 2777 671 2846 adeo
685 2769 865 2846 hostiliter
875 2775 915 2842 in
930 2799 995 2844 nos
1008 2775 1073 2842 im
1103 2771 1301 2857 libentius,
1326 2795 1528 2866 quanquam
1543 2771 1659 2844 alieno
1675 2791 1842 2868 tempore,
1867 2768 2011 2870 permisi
2025 2796 2113 2847 meo·

76 2874 235 2948 uehitur.
292 2875 337 2946 In'
357 2879 476 2968 priore
498 2891 596 2968 parte
619 2877 853 2950 enarrationis
876 2870 969 2944 mihi
990 2877 1067 2965 ple-
1102 2871 1298 2958 ,ministro,
1330 2885 1370 2942 ut
1394 2875 1628 2964 expoliaretur
1652 2879 1691 2945 in
1711 2879 1876 2967 petriam,
1918 2894 1958 2948 ut
1980 2881 2115 2969 'explo-·

75 3005 189 3072 reque
206 2978 289 3048 setis
309 2980 522 3068 probantur:
554 2979 632 3062 sed,
665 2992 707 3048 ut
730 2979 847 3064 vides,
878 2976 989 3046 currit
1005 2977 1075 3044 ·in-.
1114 2973 1287 3042 ratissima
1309 2969 1399 3042 mihi
1417 2970 1696 3046 'commemorare
1717 2991 1834 3070 posset
1855 2969 1898 3048 de
1924 2995 1983 3049 tua
2005 2983 2101 3048 vale-

74 3085 221 3150 terdum
243 3075 344 3166 ἐκτὸς
365 3085 435 3172 ,τῆς
461 3075 564 3152 ὁδοῦ.
615 3071 768 3148 Budaet'
787 3079 894 3148 etiam
918 3077 1067 3148 Transi·
1116 3075 1256 3158 tudine,
1282 3077 1326 3144 de
1342 3075 1512 3145 institutis
1525 3078 1669 3162 studiis,
1699 3079 1812 3170 deque
1828 3081 1993 3150 universa
2010 3083 2101 3150 vitae

73 3197 152 3252 tum
171 3180 259 3252 vidi.
307 3179 432 3273 Neque
454 3203 511 3250 me
531 3175 619 3250 baec
637 3175 872 3271 deterrent⁴),
905 3203 976 3270 quo
999 3177 1069 3246 mi·
1103 3175 1262 3247 ratione.
1314 3170 1412 3266 Opto
1429 3193 1472 3247 ut
1491 3179 1697 3269 simplicitas
1714 3193 1747 3248 et
1761 3181 1901 3252 bonitas
1918 3195 2057 3250 nostrae
2073 3178 2100 3274 ¹)

75 3271 143 3352 nus
166 3281 349 3352 istucssiter
369 3282 568 3372 suscipiam.
621 3278 698 3352 imo
720 3281 916 3350 incendunt
939 3279 1068 3368 potius,
1116 3276 1228 3364 gentis
1242 3275 1366 3345 sittibi
1383 3279 1575 3370 voluptati,
1610 3300 1711 3370 sporo
1735 3283 1835 3349 cnim'
1856 3281 1889 3352 t'e
1911 3283 1980 3351 iam
2002 3283 2114 3372 inge:

74 3383 229 3476 ntipsis
252 3381 406 3472 aperiam
432 3382 573 3473 penitus
594 3383 753 3452 animum
763 3377 807 3476 ⁵):
849 3395 884 3450 et
910 3379 1067 3450 vicissim
1116 3378 1175 3445 nin
1191 3377 1401 3465 degustasse.
1894 3373 1896 3381 ’

73 3483 241 3567 audiam,
271 3483 359 3574 qnid
381 3484 421 3552 in
440 3506 627 3554 commune
646 3483 833 3554 consulant
853 3481 931 3572 ipsi.
989 3475 1065 3568 Ego
1214 3475 1317 3545 Nunc
1333 3478 1416 3546 audi
1433 3481 1475 3547 de
1490 3481 1576 3548 meis
1590 3483 1708 3554 rebus.
1760 3481 1829 3552 Hic
1848 3499 1963 3554 annus
1984 3475 2100 3554 fatalis

73 3585 388 3678 quidemadoetis
404 3583 557 3654 ethonis
573 3583 611 3650 in
624 3579 781 3666 Ecclesia
795 3582 1067 3674 nunquamdis-
1102 3590 1167 3689 pest
1182 3591 1302 3647 nostro
1319 3579 1456 3663 ordini,
1488 3593 1529 3649 ut
1550 3582 1670 3668 video;
1704 3585 1836 3676 accipio
1853 3587 1947 3654 enim
1963 3601 1998 3656 et
2012 3577 2100 3654 Mo-

72 3686 241 3757 sentiam.
304 3681 375 3754 Sed
394 3707 458 3774 pro
484 3697 544 3752 tua
569 3683 752 3753 excellenti
774 3683 1069 3764 doetrina··vides‚
1118 3701 1196 3746 rum
1217 3679 1438 3750 interiectum
1461 3703 1552 3766 esse,
1584 3696 1618 3751 et
1637 3685 1744 3769 alios,
1772 3709 1834 3774 ego
1859 3709 1999 3780 qnoque
2024 3711 2099 3756 ma-

75 3803 193 3857 vetera
217 3785 393 3876 quaedam
412 3797 525 3854 errata
548 3806 638 3872 opus
660 3778 791 3854 habere
810 3784 1067 3852 emendatione.
1102 3772 1185 3868 'gno
1208 3780 1247 3846 in
1269 3781 1427 3870 periculo
1449 3803 1580 3855 versor.
1631 3784 1709 3854 Scis
1731 3809 1788 3854 me
1808 3788 1873 3855 tibi
1898 3801 2000 3877 s'acpe
2014 3812 2100 3880 que-

72 3887 145 3958 Nec
169 3885 381 3969 dissimulo,
414 3897 549 3954 evectos
564 3878 595 3978 ⁸)
621 3883 725 3954 etiam
749 3905 823 3954 esse
849 3897 989 3954 nostros
1009 3883 1072 3950 in*
1114 3891 1209 3949 stum
1223 3903 1296 3952 csse
1311 3883 1354 3949 de
1369 3883 1471 3951 cenis
1494 3885 1616 3966 rebus,
1650 3911 1738 3977 quae
1759 3911 1816 3955 me
1835 3903 2003 3977 angerent
2023 3911 2100 3958 ma-

71 3980 336 4078 tcrdum'aine'p
357 3981 406 4055 τοὶ
428 3981 660 4080 intenpestiva,
697 3991 733 4054 'et
758 3985 870 4053 multa
897 3984 1066 4073 mitigavi.
1115 3980 1219 4054 xime.
1245 3977 1308 4052 καὶ
1323 3979 1379 4054 ὅτι
1389 3980 1534 4078 τινέςῖ),
1564 3981 1630 4064 οὓς
1645 3983 1772 4078 ἥκιστα
1791 3987 1913 4082 ἐχρῆν,
1941 3986 1985 4060 οὐ
1999 3982 2099 4059 πάνυ

72 4087 200 4182 ltaque
233 4087 264 4156 si
293 4087 381 4178 quid
412 4075 490 4178 opis
513 4109 699 4178 possumus
722 4087 858 4156 adferre
881 4081 1067 4168 Ecclesiae,
1116 4077 1281 4179 στέργειν
1312 4079 1458 4156 δοκοῖεν
1487 4082 1556 4177 τὴν
1587 4081 1768 4180 ἡμετέραν
1798 4083 1983 4184 ἁπλότητα
1991 4141 2002 4174 ,
2044 4087 2111 4160 ὅτιΙ

69 4184 320 4280 annitamur⁷)
343 4189 508 4256 omnibus
524 4188 675 4258 viribus:
707 4201 811 4278 atque
824 4181 895 4256 'hue
911 4187 1066 4257 studium
1114 4177 1288 4276 τολμώην
1302 4180 1384 4278 περὶ
1401 4178 1510 4257 ἐνίων
1527 4176 1640 4278 ἦττον
1655 4186 1993 4287 ἀκριβολογεῖσθαι.
2024 4189 2099 4260 Ge-

69 4293 172 4364 nulla
189 4284 285 4360 mihi
302 4289 426 4378 eripiet
438 4284 625 4358 bominum
640 4287 819 4380 iniquitas.
1115 4308 1182 4353 nus
1205 4286 1296 4353 illud
1317 4281 1504 4354 bominum
1525 4289 1638 4374 nosti,
1677 4314 1847 4382 quorum,
1884 4307 1925 4363 ut
1948 4293 2100 4376 videtur,

175 4387 317 4480 Magno
338 4389 376 4456 in
397 4383 908 4484 periculoiinternostrosm)
923 4400 1067 4480 propter
1115 4385 1236 4455 odium
1251 4387 1368 4476 erupit
1381 4387 1499 4478 aliqua
1515 4411 1555 4456 ex
1570 4403 1669 4479 parte
1686 4392 1757 4459 iam
1772 4389 1812 4459 in
1829 4389 1969 4462 Gallico
1990 4417 2100 4482 nego-

69 4489 163 4562 hanc
177 4491 463 4560 moderationem
479 4513 614 4561 versor:
647 4503 686 4560 ut
708 4489 821 4560 solent
843 4489 881 4556 in
902 4489 1066 4558 civilibus
1115 4487 1176 4556 tio.
1234 4483 1411 4578 Equidem
1434 4489 1587 4557 libenter
1608 4489 1681 4559 vito
1703 4515 1908 4581 congressus
1931 4491 2109 4578 Gallicos,¹
2181 4487 2187 4508 '

1115 4611 1179 4656 nec
1194 4587 1295 4658 aliter
1308 4588 1471 4678 promisi,
1503 4591 1572 4658 nisi
1590 4591 1813 4680 permittente
1829 4595 2004 4686 principc3
2038 4597 2099 4664 sed

1114 4689 1276 4780 princeps
1289 4701 1520 4760 commeatum
1539 4705 1665 4780 negot,
1694 4707 1727 4762 et
1751 4695 1799 4765 ita
1820 4700 2028 4788 respondet,
2059 4709 2100 4766 ut

1114 4791 1228 4858 vereri
1249 4811 1371 4880 cogar,
1405 4791 1565 4860 animum
1584 4793 1680 4864 illius
1705 4795 1927 4866 sermonibus
1942 4797 2099 4866 malevo-

1114 4891 1231 4962 lorum
1254 4915 1280 4964 a
1300 4915 1356 4961 me
1382 4893 1560 4963 redditum
1590 4893 1811 4981 alieniorem,
1854 4899 1918 4968 etsi
1944 4919 2028 4968 sane
2054 4898 2099 4966 de

1930 1539 2099 1656 Q

1392 1697 1538 1784 Ioacn.
1570 1693 1827 1794 Camerario.

1108 2023 1341 2103 Clarissimo
1361 2041 1393 2100 ct
1417 2033 1552 2131 optimo
1576 2034 1653 2106 ciro
1679 2032 1920 2108 Iooobimo
1951 2017 2103 2107 Came·

1118 2131 1247 2202 ratio
1277 2129 1551 2228 Bambergensi
1580 2136 1621 2206 in
1646 2133 1846 2208 Academia
1873 2135 2106 2232 Tubingensi

1457 2261 1576 2308 amico
1599 2263 1761 2326 summo,

106 4839 132 4900 Ι)
153 4837 208 4888 ιἸῙα
222 4829 332 4888 additur
345 4829 373 4884 in
389 4827 473 4884 cedd.

100 4921 132 4990 Ξ)
150 4919 277 4986 colloqui
288 4916 350 4970 cod.
364 4915 428 4981 Bae,

100 5005 133 5074 3)
152 5012 245 5074 parte
257 5001 331 5058 abest
347 4997 438 5064 need.
451 4995 535 5052 Goth.
550 4997 612 5052 401.

100 5089 133 5156 4)
152 5088 204 5142 sie
218 5083 301 5138 codd.
312 5101 362 5153 pro
381 5087 498 5134 terrent.

100 5174 132 5238 5)
150 5177 173 5238 ἦ·
188 5186 290 5224 menan
302 5167 364 5222 eod.
377 5165 462 5222 Goth.
474 5164 536 5223 401.

98 5258 135 5325 6)
158 5239 266 5310 eteet‘os
279 5249 342 5308 eod.
357 5249 422 5303 Bar.

99 5344 128 5408 7)
149 5337 322 5396 adnitemur
341 5335 404 5390 eod.
419 5331 501 5390 Goth.
513 5332 575 5386 tot.

99 5427 129 5496 8)
149 5426 261 5482 addunt
278 5419 358 5479 codd.

1146 5172 1175 5240 9)
1193 5169 1347 5224 ootmeaut
1366 5184 1448 5222 meae
1467 5167 1725 5225 conscenserat.
1742 5167 1826 5230 cort.
1847 5170 1910 5226 Ul·
1942 5173 2099 5230 vobridio

1182 5262 1273 5306 rectae
1285 5251 1457 5304 consoientt'a
1468 5249 1532 5306 cod.
1544 5249 1607 5305 Bar.

1147 5339 1177 5405 l)
1194 5335 1332 5391 suevicae.

1145 5423 1174 5492 l)
1193 5419 1326 5478 Lutberue
1345 5420 1472 5478 incensus
1489 5421 1523 5476 ab
1537 5419 1693 5478 Amedorfio
1707 5428 1733 5474 et
1746 5417 1893 5478 ostentm.
1911 5421 1941 5479 C.
1953 5417 2011 5486 W.
