4980 6280
728 291 1160 374 EPISTOLARUM
1209 299 1318 380 LIB.
1356 301 1403 376 V.
1454 301 1586 384 toto.
1693 415 1696 422 ,
1773 365 1777 382 .
2132 302 2203 377 tt'

148 459 326 593 Q
919 475 999 558 (lm
1013 473 1117 560 Febr)
1183 483 1277 547 rem:
1316 470 1430 574 ἁρχὴ,
1471 487 1513 550 ut
1534 477 1621 564 scis,
1654 475 1769 573 ἥμισυ
1796 469 1943 560 παντός.
1970 495 1977 506 ·
2003 473 2084 594 [lbi¹
2100 472 2175 546 exi·

460 631 584 720 oss.
615 631 825 738 suu.
918 571 1126 606 ‘⁸‘
1184 575 2174 766 sttausaausatumuere:

197 811 282 868 w„
302 807 519 880 ‚ww-M
565 812 946 880 toamnasarim-1
963 818 1131 894 ’,σφὼ
1184 781 1460 870 nondesinuut,
1494 783 1605 853 donec
1621 797 1759 854 motum
1773 783 1927 878 aliquem
1950 779 2172 852 exsuscitent.

239 881 416 940 Matronae
429 882 492 938 eod.
533 881 590 978 stt.
605 881 791 984 matutae.
1182 877 1273 950 Nam
1298 883 1460 954 diabolus
1481 885 1589 975 agitat
1604 885 1732 978 impios
1752 881 1935 969 homines,
1968 905 2013 952 ne
2036 877 2173 976 possint

1183 983 1372 1074 quiescere.
1422 983 1488 1056 Est
1507 1001 1623 1060 autem
1645 987 1780 1058 diaboli
1801 987 1993 1070 indicium,
2023 981 2172 1054 menda·

1183 1083 1277 1152 cium
1298 1110 1333 1155 se
1357 1088 1551 1180 pertinacia
1572 1089 1711 1162 erroris.
1770 1086 1969 1158 Meministi
1990 1077 2177 1154 Monatu-'

51 1253 56 1268 ,
134 1165 181 1256 S.
192 1181 239 1258 D.
291 1183 372 1256 Tus
387 1185 574 1260 assiduitas
588 1185 627 1258 in
644 1189 826 1260 mittendis
839 1191 952 1262 literis
968 1205 1019 1264 est
1039 1189 1130 1264 mihi
1183 1183 1297 1270 rium,
1328 1190 1536 1282 aquatibus
1558 1191 1726 1283 exemplis
1752 1203 1786 1260 et
1810 1212 1917 1284 quam
1939 1210 1958 1256 a
1977 1187 2095 1280 parvis
2113 1208 2170 1254 re.

132 1285 349 1378 gratissima3
382 1307 509 1380 quare,
541 1301 675 1362 utcam
691 1293 861 1378 retineas,
888 1291 1130 1368 tevehemen.
1180 1285 1247 1358 bus
1265 1289 1409 1360 initium
1424 1291 1546 1362 fecerit
1561 1292 1814 1364 tumultuandi.
1864 1287 1974 1359 Venit
1985 1283 2076 1358 mihi
2097 1281 2170 1356 iam

132 1402 189 1460 ter
211 1410 275 1458 oro
291 1384 331 1484 ¹).
381 1385 582 1464 Consilium
604 1407 760 1466 vestrum
781 1395 825 1464 de
849 1397 1129 1468 edendaconfu.
1180 1387 1219 1456 in
1241 1405 1394 1462 mentem
1416 1389 1659 1475 vocisIonae‚
1695 1417 1802 1487 quam
1820 1389 1909 1466 dixit
1924 1387 2111 1482 Marpurgi
2129 1386 2167 1456 iu

132 1481 844 1586 tatione-adversusAnabaptistasplacet
860 1499 965 1570 nobis
981 1521 1127 1590 magno-
1178 1493 1328 1582 prandio
1352 1495 1524 1588 quodam,
1564 1521 1644 1568 cum
1669 1495 1713 1566 de
1738 1491 1923 1584 Cingliana
1945 1489 2085 1582 Repub.
2114 1489 2169 1560 lo-

128 1613 237 1684 pere,
275 1603 311 1660 et
331 1591 480 1682 opinor,
515 1587 726 1666 liutherum
752 1597 871 1669 literas
894 1623 934 1670 ea
958 1601 1002 1670 de
1021 1625 1061 1670 re
1080 1601 1126 1672 ad
1178 1617 1385 1686 queremur:
1419 1591 1616 1670 Weuusie
1632 1589 1862 1666 derBauem
1877 1585 2028 1682 Birw)
2044 1583 2167 1660 haben

128 1687 311 1770 Meuium
325 1695 409 1764 dare
427 1685 492 1789 *).,
528 1693 637 1784 Quod
654 1698 883 1788 videris-angi
906 1717 1051 1794 propter
1070 1725 1126 1772 se.
1179 1693 1400 1791 reformiret,
1432 1719 1475 1768 so
1501 1693 1710 1770 wallensis
1733 1687 1902 1766 daranah
1926 1686 2166 1764 desFrirstm

129 1794 288 1864 veriores
301 1815 432 1886 poenas
447 1797 487 1864 in
501 1791 665 1868 homines
677 1799 894 1872 facinorosos
908 1805 1125 1889 constitutas,
1177 1789 1342 1868 Marder
1363 1791 1559 1870 Sakastan
1592 1791 1689 1870 auct
1721 1795 1954 1897 resormt'rms
1995 1785 2165 1864 dMMd’

129 1895 219 1966 duxi
249 1895 317 1966 tibi
345 1919 460 1966 meam
488 1899 699 1970 sententiam
725 1905 1013 1994 perscribendam
1040 1929 1124 1978 esse.
1177 1891 1235 1968 die
1258 1893 1395 1999 Pserde
1420 1897 1501 1970 und
1523 1897 1593 1972 das
1616 1895 1824 1996 Regiment.
1888 1897 2077 1990 Propterea
2102 1917 2165 1985 ego
2263 1909 2276 1922 ⁴

126 1993 209 2088 Ego
223 1997 269 2067 ab
281 1995 408 2083 initio,
434 2023 515 2068 cum
528 2001 685 2092 primum
700 2005 800 2096 coepi
812 2027 915 2076 nosse
930 1997 1122 2078 Cironium
1175 2001 1290 2072 sentio
1306 2005 1350 2072 de
1367 1998 1441 2090 his,
1472 2005 1536 2097 qui
1559 2005 1695 2076 etiamsi
1717 2027 1791 2074 uon
1808 2001 2004 2072 defenduut
2019 1995 2165 2070 seditio-

128 2113 167 2170 et
188 2087 365 2169 Cicouioe
390 2099 601 2183 factionem,
636 2105 734 2176 unde
765 2101 834 2176 hoc
865 2121 980 2180 totum
1014 2132 1123 2200 genus
1175 2122 1232 2170 sos
1241 2104 1418 2192 articulos,
1432 2097 1758 2178 habentmauiieste
1767 2099 1797 2202 ¹)
1811 2095 2047 2195 blasphemos,
2067 2099 2163 2194 quod

128 2197 447 2292 Anabaptistarum
470 2217 630 2274 exortum
652 2219 724 2292 est,
755 2207 809 2278 fui
832 2209 937 2280 stulte
959 2211 1122 2286 clemens,
1175 2199 1325 2287 interfici
1345 2231 1365 2276 a
1385 2207 1591 2298 magistratu
1611 2209 1773 2279 debeant.
1829 2203 1921 2274 Nam
1942 2201 2164 2292 magistratus

127 2299 342 2372 sentiebant
370 2297 511 2400 enirn’)
538 2319 573 2374 et
602 2305 683 2394 alii,
720 2304 914 2380 haereticos
945 2337 1018 2382 non
1049 2336 1122 2382 esse
1175 2303 1295 2391 debet,
1328 2323 1368 2380 ut
1394 2308 1461 2380 alia
1487 2311 1629 2401 publica
1652 2321 1686 2380 et
1709 2305 1893 2376 manifesta
1917 2303 2083 2384 crimina,
2116 2301 2165 2372 ita

125 2403 225 2474 ferro
249 2403 513 2496 opprimendos.
563 2400 612 2478 Et
634 2421 720 2480 tunc
741 2405 841 2482 Dux
862 2405 907 2482 F
903 2407 1078 2484 ridert'eus
1093 2409 1121 2508 ³)
1175 2403 1408 2498 blasphemias
1422 2413 1623 2482 manifestas
1639 2424 1674 2480 et
1688 2409 1846 2500 publicas
1862 2407 2001 2500 punire.
2030 2399 2162 2474 Exem-

125 2499 359 2574 vehementer
380 2505 492 2590 iratus,
511 2521 586 2578 erat
600 2501 792 2582 Ciconiae:
822 2539 862 2584 ac
881 2513 954 2583 nisi
975 2539 994 2584 a
1017 2515 1121 2586 nobis
1174 2509 1272 2600 plum
1286 2505 1459 2584 habemus
1481 2513 1520 2582 in
1534 2513 1610 2603 lege
1625 2508 1758 2608 Moysi.
1808 2505 1860 2608 Et
1879 2509 1916 2578 id
1938 2509 2083 2602 sortasse
2106 2527 2162 2576 se-

123 2617 243 2676 tectus
259 2618 364 2690 esset,
394 2607 519 2679 inisset
541 2611 585 2680 de
600 2607 747 2684 bomine
769 2616 904 2686 furioso
927 2631 963 2688 et
984 2617 1121 2708 perdita
1173 2611 1245 2680 cuti
1265 2625 1349 2684 sunt
1369 2611 1622 2706 Imperatores,
1659 2613 1722 2708 qui
1744 2607 1920 2683 Attianos
1945 2607 2064 2700 gladio
2094 2629 2162 2700 pu-

121 2707 223 2776 malo
239 2719 396 2776 sumtum
411 2711 637 2804 supplicium.
688 2715 792 2788 Nunc
806 2741 863 2786 me
877 2719 951 2788 eius
967 2717 1120 2790 clemen.
1172 2711 1323 2784 niendos
1346 2739 1419 2790 esse
1443 2716 1716 2790 constituerunt.
1763 2707 1943 2784 Brenlt‘us
1966 2707 2075 2782 nimis
2092 2708 2162 2778 cle·

120 2807 198 2880 tiae
227 2831 304 2878 non
332 2831 458 2900 parum
487 2816 655 2904 poenitet.
721 2816 822 2906 Quos
847 2819 909 2888 ille
936 2819 1119 2906 tumultus,
1150 2811 1271 2886 'mens
1292 2829 1354 2890 est.
1374 2865 1383 2887 .
1403 2817 1474 2890 Sed
1498 2819 1659 2890 noudum
1682 2815 1849 2905 cognovit
1869 2836 1954 2898 usu,
1988 2824 2161 2906 quantum

121 2931 216 3004 quas
230 2909 261 3006 ⁴)
286 2904 448 2989 haereses
467 2929 588 3006 postea
610 2941 685 3012 non
707 2920 893 2990 excitavit?
942 2919 1002 2992 Sic
1023 2921 1118 2990 enim
1171 2917 1372 3005 contagium
1391 2919 1436 2990 sit
1454 2919 1493 2988 in
1516 2918 1678 2990 fanaticis
1696 2917 1890 3008 spiritibus.
1940 2907 2162 3002 Augustinus

121 3009 260 3082 sentire
282 3011 402 3082 debes:
438 3030 479 3086 nt
505 3040 546 3090 ex
561 3019 728 3090 dentibus
742 3022 914 3113 serpentis
937 3023 975 3092 in
999 3023 1117 3093 sabula
1171 3017 1275 3086 etiam
1297 3020 1457 3110 prunisit
1477 3021 1594 3110 gladio
1615 3019 1768 3090 coerceri
1782 3013 2002 3100 Donatistas;
2032 3014 2076 3082 de
2098 3035 2160 3081 cu-

120 3125 246 3184 natam
270 3135 343 3183 esse
367 3127 507 3204 gentem
532 3135 702 3192 armatam
725 3123 860 3208 ferunt3
902 3124 951 3194 ita
973 3125 1018 3194 ab
1044 3148 1116 3194 uno
1171 3115 1226 3188 ius
1246 3122 1417 3192 sententia
1440 3136 1541 3214 potes
1566 3121 1677 3212 ipsius
1697 3119 1809 3188 libros
1830 3115 2024 3188 consulere.
2074 3103 2159 3182 Lu-

117 3212 272 3286 Ciconia
300 3227 398 3288 ortae
418 3231 502 3288 suut
526 3245 650 3292 omnes
672 3223 757 3294 istae
779 3223 948 3296 factiones
973 3223 1118 3298 Anaba—
1170 3211 1295 3292 thorus
1313 3219 1382 3291 Dei
1397 3223 1509 3312 gratia
1532 3237 1625 3294 recte
1649 3221 1760 3304 valet,
1790 3244 1830 3288 ³⁰
1854 3241 1956 3310 ⁵P²r⁰
1979 3241 2059 3284 ⁰⁰¹⁰
2084 3239 2159 3284 ⁰⁰1¹

118 3315 313 3410 priscarum
341 3331 376 3388 et
404 3317 688 3412 Zinglianorum,
753 3323 874 3416 Quare
899 3327 948 3397 ita
976 3327 1117 3413 sentias,
1169 3321 1317 3393 omnino
1335 3325 1541 3396 relicturum
1563 3321 1801 3394 concionandi
1821 3317 2077 3398 ministerium,
2103 3329 2159 3386 ta·

117 3417 368 3510 magistratum
384 3423 512 3494 debere
526 3425 579 3495 uti
596 3449 731 3495 summa
752 3429 935 3500 severitate
957 3427 995 3496 iu
1018 3451 1116 3498 coer·
1169 3425 1270 3492 metsi
1285 3426 1400 3494 rarius
1413 3420 1443 3521 ⁸)
1459 3425 1812 3510 nunc-concionatur.
1861 3417 1909 3490 Et
1926 3443 2005 3488 meo
2026 3415 2158 3488 iudicio

118 3517 247 3592 cendia
261 3515 470 3594 huiusmodi
483 3523 511 3622 ⁸)
531 3527 726 3620 spiritibus.
784 3523 892 3598 Vides
909 3553 1015 3623 qnam
1031 3553 1116 3599 con·
1169 3525 1274 3598 debet
1296 3521 1425 3598 habere
1449 3519 1623 3598 rationem
1645 3521 1870 3596 valetudinis.
1921 3517 1999 3610 Ego
2017 3520 2197 3623 laruam,¹

117 3635 230 3694 temta
247 3621 499 3698 titauctoritas
520 3629 808 3720 magistratuum
841 3653 946 3723 quam
970 3631 1042 3700 sint
1062 3655 1115 3701 se·
1168 3626 1452 3720 dequascribis‚
1477 3627 1637 3716 intelligo
1653 3627 1758 3698 nimis
1773 3648 1892 3694 veram
1906 3645 1997 3708 esse;
2023 3619 2159 3688 morior

117 3723 387 3816 curiimprobi‚
420 3729 503 3822 qnia
518 3731 698 3800 lenitatem
717 3727 772 3799 vel
789 3733 905 3822 potius
926 3731 1117 3822 indulgen·
1168 3727 1264 3796 enim
1281 3730 1440 3821 quotidie
1454 3721 1503 3826 ⁴).
1540 3727 1649 3800 Mitto
1666 3711 2158 3816 tibioixououiouPauli'*),

116 3825 208 3896 liam
227 3825 267 3894 in
284 3825 434 3918 imperio
452 3845 586 3904 tantam
601 3855 676 3902 esse
692 3832 825 3904 vident,
878 3831 982 3904 Sinos
1008 3821 1116 3926 igitur
1167 3829 1329 3898 libellum
1351 3855 1478 3922 magno
1502 3831 1623 3900 labore
1651 3829 1840 3920 scriplum,
1879 3847 1984 3919 quem
2009 3818 2158 3892 habebis

117 3927 226 3996 novis
241 3929 409 4024 exemplis
430 3933 594 4004 timorem
616 3933 730 4004 incuti
751 3933 987 4007 multitudini.
1038 3933 1115 4007 Hac
1166 3947 1390 4000 communem
1413 3957 1493 4004 cum
1513 3927 1678 4002 Basilio.
1728 3927 1832 4000 N‘uuc
1859 3927 2081 3996 excuduntur
2104 3937 2158 3993 te-

116 4029 166 4099 de
184 4051 224 4100 re
242 4029 345 4120 plura
360 4033 571 4120 scriberem,
604 4035 703 4106 side
725 4047 784 4105 tua
803 4035 993 4128 prudentia
1008 4037 1115 4107 dubi·
1166 4031 1332 4102 stimouia
1359 4035 1572 4128 scriptorum
1601 4047 1760 4104 veterum
1790 4032 1835 4100 de
1857 4025 1976 4100 Coena
1997 4023 2158 4110 Domini,

116 4143 245 4204 tarem.
303 4127 361 4202 Ad
384 4129 471 4206 haec
492 4151 599 4208 notae
624 4135 691 4206 tibi
717 4149 799 4206 sunt
825 4161 948 4207 causae
969 4137 1115 4208 seditio-
1191 4157 1255 4204 uae
1270 4135 1416 4226 collegi,
1448 4149 1483 4206 et
1504 4135 1687 4228 epistolam
1702 4131 1845 4226 praefixi
1862 4132 1904 4200 ad
1924 4145 1957 4202 te
1978 4128 2155 4220 scriptam.

115 4239 228 4316 num,
263 4255 350 4326 quas
371 4237 489 4326 gladio
513 4233 697 4328 prohiberi
713 4251 862 4330 oportet.
915 4233 1114 4332 Anabapti-
1165 4157 1385 4371 gumpertus
1430 4237 1529 4310 misit
1576 4231 1646 4306 huc
1693 4229 1903 4306 horribilem
1946 4227 2156 4322 disputatio-

116 4343 197 4402 stae
212 4355 352 4421 omnes,
385 4339 490 4408 etiam
506 4339 569 4433 qui
584 4340 772 4409 minimum
790 4335 923 4410 babent
938 4339 1035 4425 vitii,
1060 4353 1114 4420 ta,
1165 4359 1248 4408 nem
1283 4330 1353 4430 *').
1407 4337 1494 4410 Vale
1522 4331 1633 4408 1550.

114 4455 203 4504 rnen
224 4435 382 4532 aliquam
406 4451 542 4532 partem
565 4439 726 4511 civilium
754 4441 953 4528 officiorum
977 4441 1113 4534 impro-
1904 4450 2105 4550 Philippus.

114 4535 217 4611 bant.
271 4529 596 4636 Quantulacrinqne
615 4565 671 4612 rea
695 4555 764 4628 est,
793 4537 1001 4624 tamen-hoc
1023 4555 1113 4612 tem·
1163 4598 1373 4620 ..........
1490 4629 1495 4638 Ι
1691 4583 1694 4590 ,

114 4659 205 4730 pore
224 4651 260 4708 et
281 4640 320 4708 in
343 4653 395 4712 tot
415 4643 584 4735 perieulis
610 4643 768 4735 capitalis
788 4657 850 4716 est.
899 4639 991 4714 Cum
1008 4641 1111 4714 initio

115 4737 195 4807 leve
215 4740 360 4812 videtur
381 4757 553 4830 erratum,
584 4743 757 4839 paulatim
779 4767 880 4816 error
901 4743 993 4837 parit
1014 4769 1113 4817 erro-
1214 4749 1242 4822 ⁵)
1263 4751 1471 4824 sommus

1214 4831 1242 4906 7)
1259 4835 1338 4906 Snegv
1355 4831 1518 4904 manifesto.

1213 4921 1241 4988 8)
1263 4917 1347 4990 Sneg.
1356 4919 1450 4973 rarius
1464 4917 1643 4990 praetermisit
1656 4925 1682 4971 et
1697 4935 1748 4990 pro
1760 4933 1793 4970 eo
1807 4916 1896 4990 posuit
1908 4933 1968 4972 non
1980 4927 2041 4992 post
2053 4933 2135 4977 auur.

168 4969 200 5037 ι)
218 4965 302 5038 ⁸⁰²&
320 4983 402 5035 ’ψ’
1196 5010 1227 5076 ⁸)
1243 5001 1408 5076 Argentiriee
1431 5023 1529 5058 rumor
1547 5023 1654 5074 sparsus
1676 5015 1748 5072 erat,
1772 5003 1977 5059 Melanthoncm
1998 5022 2056 5058 erse
2076 5023 2153 5084 mor·

149 5055 181 5124 α)
199 5050 262 5106 ua.
275 5049 361 5174 apra.
375 5047 452 5104 cais.
466 5049 498 5104 aa
512 5049 630 5172 upton.
644 5069 705 5124 epp.
719 5047 766 5113 ¹¹1
782 5069 809 5124 u
822 5047 883 5108 ⁵⁵⁸·
898 5057 924 5108 a
936 5041 969 5106 ’ἃ
984 5049 1108 5106 uantum
1230 5087 1318 5130 uum.
1356 5071 1418 5128 viu.
1432 5073 1510 5143 epm.
1525 5072 1558 5125 sa
1572 5069 1710 5128 oneras.
1724 5073 1752 5124 a.
1764 5073 1790 5126 s.
1807 5071 1890 5126 uui.
1905 5074 1931 5126 s.
1946 5091 1970 5128 s.

165 5119 275 5275 23¹⁹ss
317 5137 359 5190 μ’
374 5117 405 5171 T*
422 5118 469 5172 ω’
488 5119 542 5217 p'i
560 5122 587 5174 θ’
1193 5162 1243 5232 W)
1262 5158 1390 5233 iutelligit
1403 5157 1473 5212 baud
1489 5157 1584 5212 dubles
1605 5155 1819 5226 Dispositionem
1832 5155 1962 5212 orationis
1974 5155 2003 5212 in
2016 5175 2059 5232 ep.
2074 5151 2152 5212 Pauli

273 5219 300 5274 ὅ·
316 5201 480 5300 Qum(
492 5219 567 5296 fmm
580 5209 612 5254 u!
626 5211 659 5297 n.
668 5204 709 5298 ul·
722 5212 773 5258 ele·
787 5283 795 5299 ·
816 5287 823 5301 ι
1228 5232 1262 5286 ad
1277 5229 1415 5284 Romanos
1428 5225 1540 5282 authore
1555 5223 1604 5280 uh.
1618 5225 1683 5280 Mel.
1696 5225 1794 5298 llagan.
1809 5244 1858 5296 per
1873 5225 1910 5278 Ιο.
1922 5225 2016 5282 Sacer.
2029 5227 2103 5294 1⁵29.
2126 5227 2151 5280 8.

165 5287 300 5440 ἓξὲξ.
312 5281 444 5436 sigga!
458 5284 561 5339 berder.
576 5283 616 5340 ntl
633 5303 683 5340 sust
699 5285 737 5342 Ν.
753 5283 843 5342 eddo.
1227 5317 1309 5440 Mei}
1324 5297 1407 5352 altera
1434 5297 1492 5350 rice
1515 5293 1616 5367 prodiit
1635 5291 1820 5366 Witebergae
1843 5291 1917 5348 toto.
1946 5313 1996 5368 per
2022 5293 2152 5352 loannem

165 5455 197 5522 ὅ)
214 5453 301 5528 Sneg.
312 5452 460 5508 demedi·
1192 5451 1258 5524 Μ)
1275 5450 1338 5508 Vrd.
1352 5448 1431 5524 epist.
1445 5447 1481 5506 ad
1493 5447 1658 5520 Myconium
1673 5467 1714 5504 er.
1729 5441 1854 5504 Ianuario
1867 5446 1895 5506 b.
1907 5467 1932 5506 a.
1947 5447 2057 5524 scripta.

234 1068 238 1077 ·
289 1035 342 1114 D.
367 1031 620 1132 Friderico
642 992 887 1138 llffyc'onio,
915 1061 978 1122 etc.
