4950 6274
80 369 84 378 ’
138 335 215 438 ts
445 454 449 466 Ι
515 393 523 408 „
699 298 1169 444 ¹'uutsrontttttau
1219 311 1401 435 mua,
1457 353 1588 464 traso.

136 529 281 604 sanioris
295 531 509 628 doetrinae,
520 515 690 602 absurdis
705 543 741 602 et
753 543 970 601 monstrosas
986 531 1128 624 opinio·-

137 659 193 706 rtcs
207 633 333 706 audire
349 631 383 704 e't
397 632 629 724 comprobare
641 633 683 704 in
694 631 900 703 universum
916 641 1100 724 coguntur.

230 734 305 808 Nec
323 730 494 806 hactenus
509 737 668 830 uuqttem
686 733 792 828 plane
806 736 933 806 reiecta
951 749 987 824 et
1002 759 1043 804 ex
1055 733 1128 806 Ee-

137 835 234 920 clcsia
258 835 489 908 exterminata
512 836 582 912 fuit
603 849 722 932 nostra
749 837 929 916 doctrina,
964 839 1024 908 sed
1046 861 1128 928 per-

136 941 255 1026 missa,
293 937 407 1008 donee
430 937 487 1008 vel
511 937 674 1026 generale
698 937 757 1008 vel
781 939 961 1008 nationale
985 955 1128 1030 rogere·-

136 1057 190 1126 tur¹
207 1039 420 1123 concilium,
451 1063 490 1108 ac
510 1039 549 1108 in
572 1063 613 1108 eo
631 1033 929 1129 'hacvgrarissima
945 1042 988 1110 de
1004 1065 1044 1110 re
1060 1041 1125 1110 ali-

136 1143 218 1240 quid
253 1143 341 1214 certi
372 1141 644 1212 concluderetur
675 1151 781 1241 atque
808 1141 1047 1222 decideretur,
1089 1141 1126 1211 id

135 1246 230 1340 quod
247 1268 289 1318 cs
303 1243 451 1312 decretis
465 1243 709 1338 comitiorum,
734 1257 834 1314 autea
849 1246 1127 1328 nominatorum,

134 1350 281 1442 planum
296 1343 373 1414 lieri
388 1338 655 1440 atqueprobari
669 1357 794 1438 potest.

235 1445 294 1518 Ad
317 1443 404 1531 hoc,
436 1449 598 1518 nondum
623 1446 775 1520 convicti
796 1469 939 1532 sumtis,
977 1471 1044 1518 nos
1070 1447 1128 1516 vel

134 1552 320 1624 damnatos
358 1549 414 1618 vel
454 1545 647 1618 haereticos
687 1543 854 1620 articulos
888 1549 1127 1642 proposuisse,

134 1653 231 1748 quod
249 1663 370 1727 umen
388 1669 408 1723 a
424 1651 610 1748 nonnullis
628 1653 852 1739 Augustanae
868 1652 1019 1722 civitatis
1041 1675 1128 1720 con-

133 1753 377 1827 cionatoribus
393 1752 589 1825 factitamus
604 1775 676 1822 esse
690 1751 876 1840 novimus,
903 1753 1045 1848 inques
1061 1777 1129 1822 no-

133 1869 202 1928 stra
217 1855 382 1950 doctrina
397 1855 566 1924 acerrime
582 1847 782 1940 invehitur,
814 1877 943 1950 eosque
957 1881 1021 1946 pro
1042 1876 1130 1924 con-

9 1981 10 1992 *
134 1959 238 2030 elane
251 1955 453 2049 saepissime
468 1969 660 2048 oppugnat.
705 1951 817 2046 Igitur
832 1955 870 2030 in
883 1958 1015 2028 bonam
1032 1979 1129 2047 spem

135 2059 323 2144 venimus,
356 2079 397 2126 ex
421 2073 542 2129 nostra
567 2057 726 2133 doctrina
750 2073 939 2152 propagata
964 2073 999 2129 et
1020 2059 1131 2128 disse-

133 2161 269 2232 minata
310 2157 464 2230 multum
488 2180 709 2238 accessurum
744 2161 922 2230 commodi
962 2185 1001 2230 ac
1033 2183 1131 2230 emo-

134 2261 289 2336 ltunenti
312 2261 507 2356 plerisque,
541 2285 688 2354 eamque
703 2261 760 2330 vel
776 2263 987 2346 nonnullos,
1022 2273 1063 2330 ut
1076 2283 1132 2330 se-

132 2367 185 2438 rio
201 2377 345 2458 peccata
365 2357 559 2454 agnoscant
581 2375 616 2434 et
638 2363 895 2456 poeniteutiam
916 2375 1040 2454 agant,
1074 2387 1133 2432 ex-

132 2466 341 2550 citaturum,
373 2465 431 2536 vel
455 2465 549 2558 apud
572 2465 763 2558 quosdam,
802 2478 845 2535 ut
867 2488 903 2534 se
927 2487 1059 2534 errasse
1079 2463 1134 2532 fa-

133 2583 296 2652 teantur,
337 2581 443 2662 atque
466 2567 505 2638 in
530 2567 624 2636 uam
649 2566 767 2636 redire'
789 2567 951 2658 cupiant,
991 2567 1136 2636 effectu-

132 2689 209 2744 ram
238 2691 324 2740 csse.
406 2685 440 2698 ··
763 2723 768 2736 .

240 2771 315 2844 Nec
335 2769 520 2850 Celsimdo
546 2770 658 2864 ipsius
679 2789 846 2862 generoso
867 2771 987 2842 anime
1021 2785 1056 2841 et
1075 2769 1135 2862 pio

2120 353 2169 426 74

1179 507 1369 600 Caesareae
1383 527 1583 602 Maiestatis
1599 526 1713 598 edicto
1729 525 1925 598 necessario
1939 539 2038 618 paret
2053 537 2087 594 et
2103 525 2170 596 ob-

1179 633 1357 725 sequitur,
1398 657 1479 702 cum
1503 632 1685 704 doetrinae
1711 629 1916 722 propagatio
1932 651 2015 717 ,nou
2044 622 2169 720 prohi-

1179 735 1323 815 beatur,
1355 757 1422 804 nee
1444 735 1541 804 locus
1564 733 1654 802 alius
1676 733 1721 802 ab
1742 733 2001 824 alioquantum
2017 731 2170 814 diflerat,

1178 835 1281 906 facile
1298 848 1472 930 appareat.
1526 834 1573 906 Ut
1588 836 1628 904 in
1643 833 1735 908 Psal.
1757 834 1916 906 dicituro
1935 828 2099 920 Domini
2117 839 2169 902 est
2190 867 2193 882 ν

1179 943 1294 1020 terra,
1321 946 1353 1006 ct
1366 932 1559 1034 plenitudo
1573 933 1661 1006 eius.

1179 1103 1292 1204 Quid,
1306 1133 1385 1180 aero
1398 1103 1636 1208 faciendum,
1668 1106 1705 1178 si
1727 1128 1800 1178 non
1823 1114 1968 1176 tantum
1982 1097 2168 1196 Caesarea

1179 1207 1391 1290 Maiestas,
1434 1235 1553 1282 aarum
1582 1210 1691 1280 ctiam
1723 1231 1850 1298 omnes
1870 1203 2027 1306 Imperii
2036 1216 2170 1306 ,statas

1180 1323 1290 1412 atque
1317 1307 1463 1392 ordinas
1490 1311 1674 1382 conciones
1693 1307 1808 1408 plane
1831 1308 2012 1406 abrogari
2031 1318 2062 1380 et
2084 1333 2168 1380 sus·-

1503 1409 1618 1512 pendi
1640 1411 1843 1509 volueu'nt?

1202 1577 1206 1586 ·
1280 1549 1350 1623 Hie
1367 1549 1567 1640 sinpliciter
1593 1547 1801 1639 responderi
1821 1549 1953 1638 potest.
2008 1543 2170 1621 Primum

1181 1652 1276 1724 enim
1298 1672 1394 1722 nunc
1412 1650 1580 1742 temporis
1596 1650 1695 1718 verbi
1711 1649 1892 1718 ministros
1905 1673 1979 1718 non
1994 1650 2115 1720 minus
2130 1677 2171 1723 ac

1181 1756 1268 1832 olim
1287 1752 1497 1844 Apostolos,
1542 1745 1684 1822 Christo
1704 1773 1767 1842 per
1788 1751 1909 1820 omnia
1930 1752 2170 1845 obtemperare

1182 1871 1286 1952 atque
1301 1855 1447 1950 obsequi
1465 1855 1594 1924 debere
1610 1865 1743 1924 certssm
1758 1866 1826 1938 est,
1856 1853 1988 1924 dicenti
2005 1879 2045 1924 ac
2066 1879 2169 1932 man-

1183 1957 1299 2028 danti:
1331 1951 1401 2028 Ea·
1423 1979 1499 2024 una
1522 1952 1665 2024 ciuitate
1679 1949 1785 2050 pulsi
1796 1961 1828 2022 ct
1844 1951 1961 2036 er'scti,
1985 1955 2113 2056 sugite
2131 1957 2170 2026 in

1184 2056 1316 2130 aliam.

1190 2231 1196 2242 ,
1252 2237 1258 2252 ,
1284 2159 1441 2246 Deinde,
1465 2185 1545 2230 cum
1558 2155 1729 2233 Caesarea
1740 2153 1905 2251 Maiestas
1920 2151 2027 2230 buius
2040 2183 2173 2248 causae,

1184 2285 1273 2356 quae
1296 2262 1438 2353 publiea
1460 2276 1527 2346 est,
1556 2260 1793 2350 cognitionem
1819 2259 1861 2328 in·
1879 2283 1915 2328 sa
1937 2264 2101 2354 recipiat,
2133 2287 2173 2334 ac

1184 2365 1369 2456 utriusque
1392 2361 1503 2453 partis
1521 2363 1708 2454 opiniones
1741 2375 1776 2432 et
1795 2363 1990 2452 ,sententias
2019 2365 2174 2448 elemen-
2223 2373 2225 2380 ⁴

1181 2481 1240 2550 ,ter
1253 2466 1375 2536 audire
1392 2464 1494 2550 velit,
1527 2487 1637 2558 aeque
1652 2487 1725 2534 esse
1744 2463 1963 2551 iudicamus,
1994 2490 2061 2536 nos
2082 2463 2175 2540 hanc

1187 2569 1320 2638 illatam
1332 2566 1521 2650 iniuriam,
1548 2565 1695 2658 'propter
1717 2565 1875 2634 nominis
1897 2568 2011 2638 diuini
2026 2569 2176 2659 gloriam

1187 2670 1315 2740 merito
1329 2669 1414 2760 pati,
1431 2667 1697 2760 ·Gaesareaeque
1713 2663 1910 2738 Maiestatis
1922 2671 2037 2742 edicto
2053 2695 2176 2764 parere

1188 2785 1292 2866 atque
1316 2771 1466 2862 obsequi
1488 2771 1627 2840 debere.
1678 2767 2005 2858 Quemadmodum,
2038 2775 2177 2868 quiin.
2256 2767 2259 2774 ’

132 2875 210 2946 zelo
236 2863 388 2966 diffisum
410 2873 580 2966 quiddam
606 2875 737 2944 faceret
759 2874 796 2942 in
821 2874 995 2943 eiusmodi
1008 2871 1137 2976 (besa-
1187 2875 1278 2944 iuste
1305 2871 1344 2942 in
1375 2871 1519 2966 vincula
1554 2872 1803 2952 coniiceretur,
1846 2895 2042 2964 repugnare
2072 2889 2177 2970 utque

130 2999 216 3049 rese
233 2973 434 3076 Maiestatis
451 2975 626 3066 postulata
650 2977 846 3051 concedens
866 2991 1137 3070 atqueeonsen-
1188 2973 1456 3074 adversariluon
1473 2985 1599 3066 posset.
1889 3059 1893 3066 ι
2102 3023 2130 3066 ,ς

131 3081 247 3164 tiens,
271 3078 302 3146 si
319 3077 463 3172 quidem
477 3077 518 3148 in
531 3075 754 3148 Celsitudine
766 3077 895 3170 ipsius,
926 3091 966 3147 nt
982 3077 1021 3144 in
1036 3076 1136 3144 cuius
1287 3071 1474 3168 Intrepido
1498 3087 1615 3144 autem
1636 3073 1755 3146 animo
1778 3071 1961 3146 Celsitudo
1985 3078 2098 3171 ipsius
2119 3107 2179 3166 co-

131 3179 322 3254 territorio
348 3193 454 3272 atque
476 3177 639 3250 dominio
660 3179 818 3270 primum
839 3179 997 3248 mirabili
1022 3189 1056 3246 et
1079 3178 1137 3246 in-
1188 3203 1266 3250 ram
1292 3175 1465 3248 Caesarea
1484 3175 1671 3246 Maiestate
1706 3189 1741 3267 et
1763 3170 1931 3248 omnibns
1954 3179 2095 3271 imperii
2119 3209 2179 3254 or·
2247 3235 2253 3248 .
2369 3204 2370 3213 ¹

133 3281 337 3356 enarrabili
362 3281 470 3350 modo
498 3275 586 3351 ltaec
618 3281 779 3351 doctriua
809 3281 1015 3382 repurgari,
1045 3280 1138 3348 illu-
1190 3279 1336 3350 dinibus
1350 3266 1572 3371 profiteatur,
1599 3291 1631 3348 et
1647 3292 1943 3374 recenseat„qua
1959 3283 2113 3370 ratione,
2144 3299 2180 3369 et

133 3383 244 3458 strati
272 3397 307 3454 et
329 3382 516 3474 propagari
539 3395 661 3476 coepta
676 3382 739 3468 sit,
773 3384 933 3454 omnium
948 3377 1137 3452 bominum
1189 3407 1262 3476 qno
1288 3383 1396 3450 modo
1422 3381 1528 3472 plane
1559 3380 1789 3449 inenarrabili
1819 3395 1924 3474 atque
1955 3385 2105 3455 mirifico
2134 3389 2180 3458 ad

133 3485 246 3560 delixi
262 3479 431 3556 haereant
446 3485 560 3570 oculi,
590 3509 628 3553 ac
647 3485 744 3554 illam
762 3499 930 3578 tanquam
950 3507 1138 3554 commune
1189 3483 1345 3576 purioris
1360 3483 1542 3552 doctrinae
1558 3483 1798 3570 cognitionem
1815 3498 1849 3554 et
1865 3479 2101 3576 Evangelicae
2119 3512 2180 3556 ve-

116 3583 343 3680 'eremplum
367 3588 590 3678 propositum
612 3580 782 3671 habeant,
814 3589 852 3656 in
876 3589 972 3680 quod
995 3586 1138 3654 intuen-
1177 3584 1309 3657 ,ritatis
1335 3585 1513 3657 sincerum
1542 3583 1760 3655 intellectum
1785 3585 1953 3675 ,primum
1970 3589 2181 3677 pervenerit,

134 3707 211 3779 tes,
236 3689 385 3782 nequid
404 3689 659 3780 rel-perperam
676 3699 846 3772 statuant,
878 3688 1059 3788 vel‘a‘erbo
1082 3686 1139 3756 ui,
1190 3709 1255 3758 nee
1283 3683 1368 3756 ullis
1397 3686 1679 3762 adversariorum
1709 3685 1817 3756 minis
1843 3689 2079 3776 deterreatur,
2121 3693 2182 3760 ant

135 3795 230 3866 rino
260 3791 481 3862 contrarium
513 3790 761 3887 committant,
791 3813 930 3860 summa
954 3789 1140 3878 diligentia
1191 3788 1382 3862 uerborum
1404 3788 1683 3858 fulminibusab
1707 3809 1748 3856 ea
1768 3790 2037 3878 professionem
2054 3793 2183 3862 abduci
2234 3805 2241 3818 '

134 3907 366 3990 peccarent.
418 3890 624 3965 Verendum
642 3891 745 3962 etium
762 3905 869 3976 esset,
901 3915 948 3974 na
963 3889 1139 3980 aliusmodi
1191 3905 1225 3970 et
1249 3889 1362 3965 averti
1382 3889 1553 3981 patiatur,
1596 3911 1662 3964 nec
1693 3890 1736 3960 de
1766 3891 1925 3964 discessu
1945 3893 2046 3983 prius
2071 3893 2182 3963 ulla'm

136 3995 405 4070 comendentes
417 3993 626 4084 postulatis,
650 3993 840 4064 fenestram
855 3993 1139 4086 patefaceremus,
1190 3991 1441 4082 cogitationem
1467 4005 1535 4064 aut
1547 3991 1840 4069 deliberationem
1860 3994 2041 4085 suscipiat,
2076 4017 2183 4090 msam

112 4097 290 4175 aviam
314 4109 567 4178 sterneremus,
601 4095 642 4164 in
665 4091 1029 4185 civitateAugustma
1051 4095 1139 4182 legi·
1190 4093 1433 4166 Confessionis
1473 4106 1613 4180 nostrae
1665 4091 1804 4166 articuli
1856 4119 1974 4166 coram
2017 4099 2185 4168 omnibns

137 4201 229 4272 time
252 4198 387 4272 rorastis
409 4198 508 4277 rerlsi
533 4196 704 4268 ministris
725 4221 787 4269 sua
809 4209 934 4288 sponte
951 4193 1139 4266 abdicandi
1190 4195 1419 4287 Principibus
1463 4209 1567 4288 atque
1599 4195 1788 4266 ordinibus
1822 4196 1964 4288 imperii
1999 4199 2082 4270 lecti
2114 4201 2185 4270 siut

142 4325 221 4374 sese
238 4299 466 4392 praedicandi
485 4321 642 4374 munere.
1192 4297 1436 4391 atqueauditi·
1858 4359 1861 4370 .
1992 4338 1996 4348 ·

250 4399 291 4472 Si
305 4423 389 4472 vero
406 4397 572 4471 Caesarea
590 4399 757 4470 Maiestas
779 4397 895 4470 edicto
916 4400 1139 4494 promtrlgato
1293 4395 1421 4470 Exitus
1435 4398 1555 4492 itaque
1570 4410 1803 4490 exspeuetur,
1834 4413 1869 4470 et
1883 4397 1960 4474 Deo
1975 4401 2041 4470 soli
2058 4403 2184 4492 gloria,

141 4527 270 4578 severe
295 4501 511 4598 praeceperit
536 4515 642 4596 atque
660 4501 901 4585 mandaverit,
932 4513 974 4570 ut
989 4503 1033 4570 ad
1051 4515 1141 4570 tem·
1194 4501 1257 4594 qui
1287 4501 1396 4572 nobis
1426 4513 1460 4574 ct
1484 4503 1590 4573 rebus
1606 4501 1744 4572 nortus
1765 4523 1943 4574 successus
1962 4501 2185 4574 felicbsmtos

138 4607 269 4707 pusio
284 4605 438 4698 publicis
454 4603 541 4672 locis
563 4605 824 4694 suspendantur
847 4615 883 4672 et
902 4602 1142 4675 intermittan-
1194 4606 1423 4688 daturusest,
1454 4603 1700 4694 ipsodicente:
1733 4596 1814 4698 Qui
1828 4603 2185 4706 mr.conscssussuc·'
2232 4619 2241 4638 ⁸
2333 4579 2339 4588 ι

141 4707 430 4791 turconciones,
464 4689 701 4776 nibilominus
717 4705 757 4773 in
779 4697 944 4796 hospitiis
968 4717 1002 4774 e't
1023 4703 1143 4796 priva·
1196 4701 1244 4774 rit
1262 4726 1382 4773 caram
1401 4697 1555 4784 mando,
1589 4697 1829 4794 confitebant
1847 4701 2093 4781 iffunacoram
2111 4733 2184 4806 pp-

142 4809 191 4886 tis
215 4808 304 4885 locis
325 4807 504 4879 illudlieri
519 4808 732 4890 concedens,
755 4827 840 4876 mon
856 4809 1142 4898 repugnandum:
1195 4813 1339 4875 tramea
1354 4801 1506 4878 coelesti.
1558 4803 1810 4900 Abnegantem
1825 4831 1881 4878 ma
1896 4829 2018 4878 coram
2035 4805 2184 4890 maudo,

141 4913 209 4988 sed
232 4911 441 4995 fereadum,
472 4921 506 4978 et
520 4905 707 4980 Caesareae
723 4905 919 4976 Maiestatis
941 4907 1056 4978 edicto
1081 4931 1145 4998 pa-
1195 4905 1389 5000 abaegabo
1414 4929 1535 4976 caram
1557 4916 1664 5004 patre
1688 4931 1777 4980 meo.
1842 4903 1891 4980 Et
1913 4907 2040 4981 Petrus
2068 4911 2185 5006 iuquit

142 5017 305 5090 rendum
326 5035 399 5083 esse
421 5009 646 5096 arbitramur,
708 5007 791 5078 Non
817 5009 914 5088 enim
944 5005 1143 5103 nobishoc
1198 5009 1230 5078 1.
1248 5007 1373 5098 cap-d.
1394 5001 1547 5076 *Parati
1562 5007 1647 5078 sitis
1666 5032 1804 5104 senaper
1823 5005 1878 5080 ad
1895 5001 2183 5107 respondendum

144 5117 292 5190 ratione
313 5112 543 5206 praedicandi
566 5133 713 5180 munere
735 5109 978 5194 interdicitur,
1012 5113 1072 5180 sed
1090 5111 1144 5180 lo·
1196 5107 1341 5179 cuilibet
1355 5106 1506 5208 petenti,
1534 5117 1571 5180 ut
1586 5107 1798 5208 loquamini
1813 5107 1854 5180 dc
1871 5133 1930 5190 ea,
1955 5135 2048 5210 quae
2065 5111 2103 5182 in
2123 5139 2194 5198 cog

144 5243 216 5292 ms
230 5217 479 5289 tautummodo
494 5225 667 5296 mutatur,
690 5213 787 5306 quod
804 5225 837 5282 et
853 5225 954 5282 antea
971 5211 1010 5282 in
1024 5209 1146 5284 Comi-
1196 5209 1254 5280 bis
1271 5218 1333 5292 est,
1358 5233 1513 5308 specum
1526 5209 1806 5282 mansuetudine
1821 5221 1854 5280 et
1869 5211 2077 5294 reverentia,
2102 5237 2185 5284 cna-

143 5322 212 5394 tiis
227 5313 456 5416 Saircaetbus
477 5316 606 5391 factum
625 5313 952 5395 esssmentninus
1002 5309 1145 5386 Adher
1195 5312 1387 5384 scantiam
1409 5307 1583 5384 habentes
1605 5311 1751 5388 banaia.
1808 5315 2019 5388 Consultum
2043 5341 2185 5412 quoque

142 5408 337 5495 Celsitudo
362 5419 472 5516 ipsius
496 5411 694 5504 Arignotus,
732 5427 855 5508 utpote
879 5415 919 5484 in
943 5416 1146 5508 loeopere-
1195 5415 1338 5485 videtur
1352 5429 1385 5486 et
1399 5407 1468 5485 boc
1482 5417 1526 5486 ad
1542 5417 1674 5486 exitum
1690 5415 1873 5509 petitionis
1886 5419 2071 5508 subiungi,
2102 5417 2186 5490 Cel-

129 5516 277 5616 'grino,
299 5515 349 5588 ⁸et
373 5521 414 5588 in
444 5543 514 5614 quo
545 5515 733 5608 imperium
758 5515 898 5586 nullum
926 5509 1049 5604 babet,
1085 5517 1145 5588 tali
1184 5518 1387 5586 situdinem
1406 5541 1526 5604 suam,
1557 5519 1730 5588 maiorum
1753 5512 1897 5591 sutirum
1920 5523 2099 5614 exentplo,
2123 5526 2183 5592 ni·
2253 5515 2260 5524 ’

205 5625 504 5694 Mesammones.
522 5621 607 5688 Vos.
625 5619 668 5688 ll.
1271 5665 1275 5677 .
1332 5618 1356 5688 6
