4924 6274
195 399 199 408 ,
309 311 389 390 esa
740 343 746 356 ·
875 251 1315 380 nersrouanuu
1371 291 1601 414 tra-vta
1654 293 1789 381 rasa.
2279 297 2360 378 too

220 568 223 576 y
312 507 448 558 summa
470 495 538 567 est,
571 477 623 567 el',
642 477 721 552 'Dei
742 434 932 560 benaein,
971 499 1126 547 crescere
1146 477 1307 572 quotidie
1357 487 1426 560 est,
1451 475 1569 566 ipsum
1581 472 1772 546 caesareo
1787 476 1927 548 audisse
1944 481 2084 548 nostros
2099 471 2262 568 Legatos.
2312 475 2359 548 ld

312 589 464 658 vidcuar.
515 581 625 654 Initio
649 581 768 666 enim,
802 581 887 675 qnia
908 575 1011 650 'vetus
1032 581 1094 652 illa
1118 577 1241 671 opinio
1263 581 1308 646 de
1349 578 1497 667 ‘signum
1511 597 1584 647 esse
1598 578 1865 648 benevolentiae
1878 599 1959 668 erga
1974 595 2135 652 nostrum
2150 580 2358 671 Principem

312 676 601 760 scholasticorum
622 683 802 754 ferocitate
828 678 993 752 haerebat
1014 679 1220 761 inanimis,
1252 680 1310 747 vi·-
1356 679 1604 770 interpreten‘
1631 675 1686 748 De
1705 701 1842 750 summa
1867 681 1973 752 etiam
1996 681 2130 772 negotii
2154 682 2358 754 tolerabilia

312 793 489 876 debentur
502 781 671 857 nonnihil
693 779 886 854 abhorrere
903 807 921 854 a
941 783 1063 868 nobis,
1094 803 1196 871 aegre
1212 785 1257 852 ad
1272 803 1308 850 se
1338 833 1339 838 η
1356 799 1525 871 responsa
1548 780 1718 850 dicuntur
1739 781 1887 867 adferri3
1902 845 1904 852 ,
1932 778 2085 876 denique
2105 785 2206 856 laeta
2235 783 2361 854 omnia

312 892 541 982 recipiebant,
590 885 695 959 Nunc
710 885 919 962 incredibile
929 899 1005 981 est,
1035 897 1214 978 quantum
1226 905 1308 960 satos,
1357 883 1476 955 audio.
1521 877 1726 976 'Rediensa
1748 883 1921 974 prandio,
1954 909 2160 980 quanquam
2178 882 2276 956 nihil
2293 909 2361 956 an-

312 995 461 1088 quisque
483 986 638 1081 hospites
663 988 858 1080 praedicet,
896 1011 1002 1080 qnam
1027 998 1187 1055 amanter
1211 1007 1308 1052 com·
1356 983 1432 1052 divi
1456 995 1596 1074 praeter
1614 983 1783 1080 vulgares,
1796 985 1951 1072 tabulas,
1983 999 2100 1058 tamen
2117 985 2205 1060 haee
2221 988 2359 1058 adseri.

312 1097 531 1187 plectantur,
570 1114 651 1160 cum
672 1089 797 1158 vident
817 1101 951 1158 tantam
973 1111 1046 1158 esse
1068 1082 1309 1178 tranquillita·
1356 1085 1423 1176 psi.
1474 1083 1605 1154 Narrat
1619 1077 1819 1154 Matthias
1839 1099 1976 1160 tantam
1998 1111 2071 1160 esse
2081 1091 2244 1185 inopiam
2262 1089 2359 1159 auli-

264 1273 268 1290 ,
312 1205 402 1279 tem,
432 1193 651 1275 comitatem,
676 1189 946 1274 verecundiam,
977 1187 1132 1282 deniqne
1155 1187 1193 1255 in
1210 1185 1309 1255 omni
1357 1209 1433 1256 eam
1450 1185 1490 1254 in
1504 1183 1705 1278 Hispania,
1729 1187 1939 1285 utxquidam
1960 1213 2002 1258 ex
2016 1193 2122 1280 regiis
2143 1189 2360 1263 satellitibus

230 1341 232 1348 >
313 1296 421 1366 officii
438 1317 564 1383 genere
585 1291 807 1380 diligentiam
827 1290 1021 1360 iuventutis
1041 1289 1173 1380 optime
1191 1311 1309 1356 mora·
1358 1286 1467 1356 coacti
1493 1287 1565 1356 sint
1595 1289 1641 1358 de
1665 1289 1803 1376 magnis
1825 1289 1900 1357 illis
1926 1289 2029 1382 pileis
2056 1295 2186 1364 sarcire
2217 1293 2360 1383 caligas.

313 1413 379 1468 tae.
445 1393 558 1479 Haec,
595 1408 636 1464 ut
662 1393 835 1462 diuturna
865 1391 955 1476 sint,
997 1391 1102 1460 iaciat
1134 1383 1308 1460 Christus.
1358 1387 1548 1458 Gallorum
1567 1385 1791 1460 Rexdicitur
1808 1401 1928 1460 tenere
1947 1389 2129 1476 Genuam,
2155 1419 2194 1464 ac
2210 1419 2362 1486 promus

314 1494 432 1569 'lanta
451 1495 592 1568 virtutis
608 1494 661 1562 vis
678 1507 748 1578 est,
779 1507 821 1564 ut
842 1505 992 1582 agrestes
1017 1492 1124 1562 etiam
1145 1485 1309 1559 homines
1357 1489 1426 1556 sibi
1452 1489 1657 1580 promittere
1688 1487 1809 1560 ltaliae
1836 1491 2039 1583 imperium.
2110 1493 2154 1566 In
2181 1495 2359 1588 Hispania

314 1583 389 1670 etus'
407 1593 636 1691 pulchritudo
651 1607 802 1665 moveat.
856 1594 956 1664 Talis
975 1593 1048 1662 iere
1062 1603 1172 1662 status
1187 1601 1239 1660 est
1252 1594 1310 1660 r‘e-
1359 1588 1531 1660 Germani
1549 1605 1633 1661 sunt
1646 1591 1686 1658 in
1703 1591 1857 1661 maximo
1868 1595 1952 1662 odio
1971 1611 2114 1688 propter
2128 1613 2270 1690 captam
2283 1595 2361 1670 Ro.

314 1726 394 1771 fflm
408 1709 644 1770 nmiratum?
940 1695 942 1700 ’
1000 1701 1004 1710 ’
1358 1713 1462 1763 mam.
1485 1715 1503 1747 ν
1518 1690 1610 1760 Nam
1631 1689 1819 1762 Pontifices
1847 1695 1923 1764 eius
1944 1699 2058 1786 gentis
2077 1701 2249 1770 omnibus
2270 1701 2361 1770 viri.

414 1799 519 1870 Nunc
535 1798 621 1892 quid
645 1797 711 1867 tibi
725 1795 927 1866 laciendum
942 1791 1005 1876 sit,
1037 1793 1141 1862 facile
1158 1805 1312 1862 statuere
1358 1794 1425 1862 bus
1446 1793 1594 1884 eupiunt
1616 1791 1816 1864 Romanam
1837 1793 2048 1892 τυραννίδα
2068 1802 2273 1874 defendere,
2292 1799 2361 1874 τὸ)

312 1903 455 1996 poteris.
522 1897 599 1989 Ego
630 1895 724 1968 nihil
749 1889 1039 1992 praescribotibi
1059 1889 1311 1985 bominitpru-
1357 1889 1546 1989 ἡμετέρων
1571 1887 1756 1994 θεολόγον
1779 1888 1816 1988 *)
1841 1889 2063 1992 nequidem
2091 1905 2282 1973 nominare
2307 1905 2360 1974 las

317 2005 426 2076 denti.
486 2001 592 2072 Soleo
616 2000 712 2068 enim
737 1997 936 2067 verecunde
963 1994 1084 2064 amicis
1106 1996 1170 2066 uti.
1230 1993 1310 2064 Tua
1359 2009 1421 2068 est.
1479 1993 1522 2063 In
1543 1987 1706 2064 Caesare
1724 1989 1819 2064 nihil
1841 2001 2001 2082 crudele,
2035 1997 2128 2072 nihil
2151 2003 2313 2076 alienum
2339 2031 2361 2076 a

314 2104 510 2198 praesentia
527 2105 655 2172 faceret
669 2102 713 2170 ad
733 2099 972 2168 celebritatem
988 2092 1160 2181 Scholae,
1185 2118 1311 2165 verum
1358 2109 1486 2166 natura
1502 2092 1781 2166 Austriacorum
1796 2121 1868 2168 esse
1882 2093 2023 2171 fertur(
2044 2101 2098 2174 Ea
2114 2131 2186 2176 una
2201 2131 2283 2198 spes
2298 2123 2361 2196 est,

315 2209 351 2276 id
367 2231 442 2275 uon
456 2205 598 2276 videtur
610 2203 720 2286 tanti,
744 2213 785 2272 ut
797 2213 983 2292 propterea
997 2219 1079 2267 cnm
1096 2211 1159 2268 tuo
1172 2197 1310 2266 ineam·-
1358 2211 1399 2268 nt
1420 2193 1703 2282 intnrh‘umana,
1728 2199 1836 2290 pacis.
1889 2199 1960 2272 Sed
1981 2206 2086 2275 nobis
2104 2209 2361 2300 magisoatan-

313 2311 420 2378 modo
438 2330 535 2376 nunc
552 2307 694 2373 demum
710 2298 780 2372 hue
799 2299 973 2392 proficisci
989 2293 1128 2372 debeas*
1173 2295 1310 2386 Quanti
1358 2300 1528 2381 domest,
1554 2311 1596 2369 ut
1611 2295 2030 2394 Christusnobispacem
2046 2309 2174 2394 donet,
2205 2326 2242 2381 et
2259 2313 2360 2402 inge.

314 2397 732 2499 snmptusiaciendinon
748 2403 856 2476 modo
879 2403 918 2470 iu
934 2401 1077 2470 itinere:
1112 2401 1209 2494 quod
1226 2421 1311 2468 sane
1359 2399 1626 2483 uiumCaesaris
1642 2401 1759 2472 flectat
1775 2403 1818 2474 ad
1835 2403 1998 2492 utilitatis
2009 2409 2171 2498 publicae
2187 2413 2360 2488 studium.

313 2513 460 2600 longum
475 2508 582 2578 audio
598 2529 691 2590 esse,
717 2507 778 2574 sed
794 2505 899 2574 etiam
916 2503 994 2572 istic
1006 2501 1201 2572 discedenti
1217 2497 1246 2596 ⁵)
1268 2524 1309 2570 ex
1359 2499 1578 2594 interrogavi
1600 2503 1717 2593 ipsum
1738 2497 1955 2574 Matthiam
1974 2509 2019 2576 de
2038 2533 2211 2602 responso
2231 2511 2362 2584 Caesa.

313 2633 413 2681 more
434 2611 479 2678 ab
501 2609 624 2678 amicis
638 2620 672 2676 et
692 2602 752 2675 hic
775 2629 905 2674 novam
930 2605 1079 2674 domurn
1101 2602 1309 2673 instruenti:
1358 2603 1424 2690 ris3
1451 2605 1520 2687 ait,
1545 2627 1583 2672 ea
1600 2605 1823 2690 concessisse,
1847 2631 1939 2700 quae
1955 2613 2129 2700 postulata
2144 2629 2248 2702 snut,
2269 2618 2361 2686 scire

314 2727 459 2785 munuc
475 2707 597 2804 hyems
612 2709 716 2780 etiam
731 2709 887 2776 retardat
899 2707 1038 2776 itinera.
1090 2701 1197 2794 Quod
1210 2705 1240 2773 si
1253 2704 1310 2772 ri·
1358 2719 1415 2790 te,
1440 2706 1558 2799 qualia
1577 2705 1667 2788 sint,
1693 2707 1833 2798 opinor.

312 2815 433 2886 desem
461 2813 619 2905 aliquam
649 2799 882 2878 necessariam
905 2831 1045 2876 eausam
1069 2819 1151 2876 tuae
1175 2809 1221 2875 ad
1244 2829 1309 2874 nos
1461 2804 1614 2878 Utricus
1630 2808 1811 2878 decumbit
1822 2803 1861 2903 ¹³)
1877 2835 1896 2878 e
1911 2811 2003 2882 lebri
2017 2811 2175 2888 Parisiis.
2226 2813 2286 2884 lbi
2302 2841 2360 2887 ae-

313 2914 562 3009 proiectionis,
589 2913 781 2982 scriberem
795 2933 870 2980 earn
891 2909 976 2993 tibi,
1002 2907 1107 3002 teque
1122 2907 1228 3000 plane
1242 2931 1309 3006 pro
1358 2921 1501 2996 gratam
1516 2910 1560 2978 ab
1575 2903 1800 2979 hecrelictns
1815 2924 1885 2996 est,
1917 2929 2128 3006 properante
2151 2921 2197 2986 ad
2216 2913 2360 2990 Princi-

313 3031 433 3099 nostra
449 3014 604 3085 amicitia
621 3014 779 3082 iuberem
793 3005 865 3082 huc
881 3011 998 3081 statim
1013 3027 1206 3082 accurrere.
1238 3008 1309 3079 Sed
1358 3033 1450 3102 pem.
1501 3005 1599 3092 †Ad
1614 3011 1767 3079 scribam
1782 3011 1911 3082 iterum
1930 3017 2157 3088 dedi-literas.
2207 3013 2361 3090 Essent.

314 3141 394 3189 euin
410 3119 547 3188 nullam
564 3115 704 3184 videam
721 3106 751 3208 ⁸)
774 3129 930 3183 caussam
948 3112 1180 3181 necessariam
1199 3111 1311 3180 susci·
1360 3112 1419 3203 psi¹
1437 3112 1574 3206 aliquid
1594 3103 1697 3204 μάλα
1720 3101 1950 3206 ῥητορικῶς(
1997 3117 2116 3190 Mul„
2139 3115 2256 3190 haheo
2282 3124 2359 3208 3133,

311 3215 436 3314 piendi
453 3213 612 3302 itineris,
636 3216 803 3308 permitto
821 3214 905 3300 tibi,
924 3227 989 3298 nt,
1014 3215 1110 3306 quod
1127 3211 1192 3284 tibi
1209 3212 1314 3280 vide-
1358 3237 1448 3306 quae
1471 3237 1589 3284 eoram
1609 3213 1790 3282 effundam
1810 3215 1849 3282 in
1869 3227 1968 3286 tuum
1984 3221 2125 3308 sinum,
2159 3224 2188 3290 si
2214 3227 2359 3314 quando

215 3359 219 3366 ·
312 3311 431 3404 bitur,
455 3320 573 3390 iacias.
625 3311 700 3387 Καὶ
713 3321 835 3406 ταῦτα
855 3309 902 3408 δὴ
918 3309 989 3408 μὲν
1003 3319 1134 3386 ταῦτα.
1188 3313 1228 3384 Si
1245 3315 1308 3382 de·
1357 3313 1454 3385 Deus
1470 3338 1539 3384 nos
1551 3314 1681 3383 iterum
1695 3315 1934 3390 coniunxerit:
1968 3323 2207 3394 miseresceret
2220 3337 2257 3393 te
2279 3329 2361 3414 mei,

313 3423 464 3494 creveris
479 3415 550 3490 huc
565 3418 749 3510 proficisci,
771 3442 855 3503 nos,
874 3439 965 3512 quae
977 3418 1086 3502 voles,
1107 3439 1173 3506 pro
1190 3429 1310 3484 nostra
1359 3416 1389 3484 si
1402 3417 1527 3501 scires,
1553 3440 1644 3508 qnae
1657 3413 1698 3510 ¹⁴)
1715 3439 1905 3488 aerumnae
1918 3420 2010 3493 mihi
2025 3427 2259 3516 perferendae
2271 3430 2357 3514 sint;

312 3527 382 3594 fide
400 3524 588 3612 diligenter
600 3519 666 3590 tibi
681 3519 902 3606 curabimus,
931 3519 991 3586 sed
1008 3531 1049 3588 nt
1069 3517 1178 3586 estin
1200 3513 1311 3586 Iuris-
1358 3515 1432 3588 ἀλλ’
1452 3514 1595 3590 οἰστέον
1614 3513 1679 3588 καὶ
1696 3515 1893 3596 ἐλπιστέον.

318 3627 562 3736 ςθῐῑὸῡῐῑῡῐῦῐῦ
575 3621 758 3706 Ῑθῐῐῦὓῖῑθ,
773 3645 874 3718 ‘quae
887 3619 1107 3738 poterimus..
1153 3720 1162 3738 ι
1361 3711 1364 3714 ,
1458 3633 1586 3706 Comes
1602 3659 1627 3703 a
1638 3629 1799 3706 Nassete
1809 3633 2064 3709 humanissime
2082 3643 2219 3734 excepit
2232 3669 2276 3716 ae
2290 3661 2359 3720 tra-

413 3723 502 3796 ΗΘΓῙ
525 3747 603 3793 ⁸⁰¹'0
625 3725 818 3792 ³dm⁰d¹¹m
838 3736 935 3792 vemt
954 3717 1026 3790 ¹¹⁰⁰
1046 3731 1222 3814 ‘llusl’fflm
1238 3715 1311 3791 Ul·
1359 3737 1465 3808 ctavit
1483 3735 1633 3826 Legatos
1653 3749 1804 3810 nostros.
1854 3737 2058 3826 Caesarem,
2091 3745 2192 3814 nulla
2210 3751 2359 3820 omnino

317 3824 384 3897 rici
399 3819 564 3897 Pindari
576 3823 605 3922 ⁷)
624 3848 740 3894 eomes
752 3825 893 3893 rediens
909 3819 939 3916 ⁸)
953 3847 994 3891 ex
1008 3820 1192 3923 Hispania.
1234 3821 1311 3891 No-
1359 3842 1451 3909 sama
1474 3852 1543 3923 est,
1573 3863 1697 3930 parare
1718 3839 1874 3910 reditum
1897 3843 1936 3910 in
1953 3829 2197 3920 Germanqm
2252 3846 2358 3923 Mino

315 3933 379 4014 ⁵21,
413 3945 452 4000 Ui
474 3929 621 4020 ΟΡὶὓθΐ,
652 3922 847 3996 hminem·
897 3918 1134 4018 Habitabat⁹)
1157 3925 1197 3991 5¹¹
1217 3921 1313 4009 3⁰¹⁸,
1359 3941 1426 4012 tibi
1442 3937 1598 4010 Eotani
1611 3937 1763 4034 hymnos
1778 3941 1923 4035 aliquot.
1961 3941 2063 4018 Vale.
2113 3945 2184 4016 Die
2199 3947 2359 4024 Simonis

315 4031 548 4102 etfamiliaris
569 4043 621 4098 est
637 4029 831 4146 admodum
852 4039 915 4098 tuo
929 4027 1047 4096 vicino
1062 4021 1119 4144 ¹⁰).
1130 4020 1311 4094 Musmn-
1361 4057 1394 4113 et
1412 4041 1531 4116 Iudae,
1572 4039 1660 4132 Ego,
1677 4042 1706 4110 si
1723 4044 1882 4134 quotidie
1900 4046 2050 4116 nuncios
2067 4049 2110 4116 ad
2129 4061 2163 4118 te
2179 4045 2359 4140 haberem,

315 4155 374 4205 ”⁰-
424 4126 564 4202 NOfflffl
582 4121 865 4208 ²⁵²M⁰¹²h¹⁰⁶²
897 4149 1249 4217 ⁰⁰Bfl⁰¹¹¹⁰¹¹¹8¹¹⁰l⁰²
1281 4129 1312 4196 5⁸
1356 4141 1454 4214 'nihil
1485 4141 1603 4218 hercle
1633 4167 1796 4233 gravarer
1825 4147 1985 4238 quotidie
2008 4147 2200 4222 scribere„
2228 4152 2358 4227 Iterum

315 4235 505 4340 prandebit
536 4227 644 4302 hodie
677 4235 772 4340 apud
799 4229 1086 4323 Hitmtlymflm,
1133 4231 1312 4299 V⁰l¹flffl¹1³
1361 4249 1449 4321 vale.
1497 4243 1660 4318 Christus
1676 4247 1850 4316 custodiat
1865 4259 1975 4317 totam
1989 4262 2086 4319 tuam
2101 4253 2291 4326 familiam.

315 4337 412 4406 enim
428 4331 465 4430 ¹¹)
487 4334 641 4403 retinere
661 4355 758 4416 enm,
794 4349 835 4404 nt
859 4333 1012 4424 aliquam
1039 4325 1207 4400 historiae
1230 4355 1312 4401 suae
2104 4350 2313 4450 Philippus,

315 4453 450 4530 partem
465 4436 570 4505 nobis
584 4447 774 4506 enarraret.
802 4433 835 4504 A
849 4433 1002 4525 prandio
1018 4457 1097 4500 curn
1111 4431 1250 4504 rediero
1261 4427 1317 4528 ¹²),

317 4540 468 4609 scribam
489 4538 557 4608 tibi
582 4535 713 4626 capita,
748 4559 900 4628 quorum
925 4530 995 4603 ho'c
1021 4528 1259 4622 gratissimum
1276 4559 1314 4605 ac

317 4640 612 4710 iucundissimum
631 4634 699 4706 tibi
711 4639 787 4706 iore
802 4637 895 4722 scio,
927 4637 1023 4728 quod
1040 4631 1118 4703 heli
1132 4651 1314 4708 ”amium
1364 4679 1430 4762 No,
1450 4681 1558 4756 1347·
2212 4707 2270 4768 30,
2291 4699 2356 4766 oa„

667 4825 671 4834 .
700 4829 703 4836 γ
1371 4779 1543 4809 w
2209 4791 2347 4818 υνυ

351 4859 379 4926 5)
396 4858 478 4912 saut.
491 4855 672 4911 decendente.
951 4853 954 4863 ·
986 4843 990 4851 ’
1670 4883 1675 4898 ·
1717 4839 1768 4922 F.
1788 4837 1999 4946 Myonnio.

350 4943 378 5010 6)
395 4941 479 4996 Sauh.
497 4943 634 4996 viderem.
832 4952 838 4962 ·
935 4949 938 4954 “

349 5030 379 5096 7)
399 5029 486 5083 Rana.
502 5025 742 5098 seriptitPa'uteri.
1098 5057 1104 5066 ·
1146 5077 1151 5092 Κ
1431 5020 1672 5090 EditaaSnrgars.
1688 5017 1789 5091 apii.

350 5115 378 5180 8)
397 5113 480 5168 saut».
494 5115 601 5168 runs.
672 5139 675 5146 .
737 5127 741 5138 '
817 5115 820 5125 '
1066 5134 1069 5144 ¹

350 5201 377 5270 9)
395 5197 484 5252 [iana.
502 5189 623 5250 habitat.

351 5289 393 5352 to)
413 5279 598 5338 sacimas.
870 5285 876 5296 '
1100 5287 1109 5330 '-
1141 5345 1146 5356 ⁸
1398 5289 1426 5356 *l
1445 5289 1602 5348 bulborum.

247 5417 249 5424 .
351 5376 393 5435 ll)
412 5364 761 5421 lienunonbabetcnim.
958 5387 965 5396 ·
1005 5357 1010 5369 '
1397 5378 1443 5446 13>
1460 5369 1848 5432 Suqnmdmmmt
1920 5409 1925 5420 ⁸

350 5459 394 5524 ta)
413 5449 653 5513 Sanbntendosr:
682 5451 813 5504 audiero.
1398 5463 1441 5532 14)
1460 5461 1549 5518 nm·
1568 5463 1723 5532 flegma,

1367 5183 1593 5198 *-
