4932 6274
193 231 198 238 ’
328 288 405 364 ero
820 276 1796 390 ,nrrsrontnuuassessorum
1909 379 1911 386 ,
2282 287 2365 368 eso

323 457 535 554 lesopbiam.
591 455 677 528 ldeo
705 457 811 540 enim,
830 453 1141 550 plerisqnestellis
1164 451 1316 538 bornum
1367 453 1610 538 animodaeraa
1624 453 1682 536 ,sit
1700 467 2047 548 mettum,:.‚pootea
2068 455 2148 538 nult
2161 447 2365 538 entPtoloz

325 563 481 644 nomina¹
497 559 613 632 indita
637 571 737 642 sunt,
770 559 856 652 quia
877 559 1040 644 coelestes
1058 569 1177 639 motus
1194 558 1317 644 obser·
1365 577 1471 638 mato
1482 557 1567 648 peti.
1597 552 1764 640 “Ailhm
1790 553 2019 648 coguitis-bis
2034 559 2362 650 *immulant-2

325 679 456 740 varunt
485 677 591 756 atque
618 661 854 732 illustrarunt.
915 655 989 730 Nec
1019 653 1160 752 Orphei
1187 654 1316 752 chelyn
1365 673 1482 740 tarum
1499 671 1618 738 motus
1637 659 1833 740 ert-totuis
1855 660 2364 754 redtltlwwosilismtmuue

325 769 437 844 aliam
456 766 504 836 ob
533 786 671 844 causam
704 761 808 846 inter,
827 762 944 842 sidera
969 761 1122 852 positam
1150 759 1329 846 arbitror,
1348 759 1605 858 'taripqssunt
1646 758 1859 854 latiumque
1868 761 2028 852 finitimi
2042 757 2249 843 ιᾶῑτὰιὸτι,
2269 761 2362 842 ,Sed

325 894 431 966 quarn
453 865 538 960 quia
553 859 645 933 banc
660 857 923 955 philosophiam
936 865 980 932 de
994 863 1170 934 sideribus
1185 863 1317 934 docue-
1364 876 1483 935 tamen
1498 857 1586 940 haec
1599 857 2362 954 primum·trttdwtlfl.iudiootmul·bumiv

323 975 402 1046 rit..
433 965 561 1060 ltaque
576 960 766 1038 hortentur
788 967 1010 1048 iuventutem
1030 966 1076 1034 ad
1095 960 1180 1046 haer
1198 963 1316 1036 studia
1365 985 1428 1037 nes
1450 963 1574 1054 periti,
1611 965 2142 1054 ut1,poster,deoonstaoionn
2165 960 2226 1046 de.
2243 967 2364 1047 censis

324 1089 360 1146 et
376 1062 684 1162 dignitasharum,
700 1091 854 1152 rerum,¹
872 1080 910 1142 et
921 1066 1136 1157 cognitionis
1150 1067 1316 1152 suavitas,
1363 1065 1502 1138 facilius
1524 1065 1659 1156 percipi
1679 1077 1834 1156 possent.
1853 1109 1857 1121 ι
1880 1061 1941 1139 Et
1957 1066 2132 1152 imoimo
2148 1062 2363 1160 tdtttstbpsc

202 1194 206 1200 ·
325 1171 581 1262 etmaguitudo
597 1169 811 1254 utilitatum,
839 1182 874 1238 et
895 1163 1141 1258 honestissima
1157 1167 1315 1259 exempla
1364 1168 1536 1242 elementa
1557 1166 1701 1245 suntin
1724 1165 1891 1246 manibus
1901 1167 2155 1258 etnqitantue,
2175 1169 2365 1250 interdurn

324 1276 488 1354 omniurn
502 1271 960 1360 summorumingeniorum
976 1271 1092 1352 omnis
1106 1269 1268 1352 aetatis.2
1365 1291 1489 1338 causae
1501 1267 1641 1360 aliquae
1653 1267 2040 1350 simuluslsttduutttn·
2061 1268 2243 1350 ‚Mirabill
2258 1272 2362 1352 ¹enirn

355 1407 399 1456 ;’;Ι
425 1373 547 1464 Quid?
580 1375 677 1466 quod
696 1368 1113 1458 haeccpelestisruusica
1130 1372 1315 1462 profutura
1364 1370 1516 1443 vinculo.
1540 1370 1634 1440 inter
1651 1393 1695 1443 so
1714 1371 1898 1450 tectonas
1920 1383 2364 1461 nfflrmmeesunt·

325 1477 506 1557 emetiam
527 1473 698 1558 moribus.
757 1471 849 1544 Nam
872 1473 947 1566 ipsa
976 1472 1221 1556 consideratio¹
1238 1495 1315 1542 ma·
1364 1463 1478 1544 Plato
1496 1463 2363 1571 gunvissisueinqnitr.obvolvatur-‚dopmnum

324 1589 533 1672 gnarumet
555 1576 758 1646 divinarum
773 1575 1079 1664 ‚rerumanimon
1107 1588 1228 1665 captos
1252 1573 1314 1651 ad·‚
1365 1569 1516 1664 ἀληθῶς
1538 1565 1774 1666 ἀστρονάιιον
1793 1567 2086 1665 sirm-Magon
2106 1575 2363 1658 enimtdoetri·

323 1681 513 1755 miratione
545 1691 663 1754 tantae
696 1672 994 1768 pulchritudiuis,
1024 1676 1245 1760 ‚mirabiliter
1270 1675 1313 1765 ad
1365 1697 1431 1748 nae
1448 1673 1550 1765 copia
1570 1687 1622 1758 est
1640 1673 1682 1752 in
1705 1667 1950 1764 hoegqenemp
1967 1693 2036 1754 not
2055 1675 2228 1764 olintum
2247 1677 2364 1760 facilis

324 1785 494 1855 virtutem
522 1792 556 1850 et
573 1781 636 1864 ad,
650 1779 929 1860 moderationem
957 1777 1077 1850 flectit.
1137 1776 1315 1868 Quodque
1364 1797 1447 1866 pers
1461 1788 1523 1859 est,-
1548 1775 1648 1868 quin,
1670 1776 1703 1844 si
1720 1775 1860 1866 penitus
1876 1775 2362 1867 velimus-'talusttwsscffl‚

323 1887 436 1965 lentur
452 1875 620 1972 Orpheus
634 1894 740 1952 cantu
759 1882 926 1978 silvaset
947 1903 1030 1949 sara
1055 1879 1218 1964 traxisse,
1247 1873 1315 1950 hor
1365 1876 1517 1967 plurima
1538 1877 1647 1957 simul
1667 1879 1868 1970 quaerenda
1889 1877 1973 1952 sint.
2014 1875 2260 1960 Jllssiaeutem
2288 1903 2365 1964 uon

324 2001 396 2070 est,
412 1979 592 2065 ¹homines
614 1983 721 2066 rudes
742 1996 776 2051 et
790 1983 883 2060 feros
898 1983 941 2051 ad
959 2003 995 2052 se
1012 1981 1242 2064 convertisse,
1275 1991 1315 2062 nt
1365 1999 1487 2060 omues
1502 2001 1697 2070 repressos
1711 1973 1796 2060 huic
1809 1978 2111 2060 studinuddioera
2132 1981 2278 2064 volent:
2312 1998 2363 2055 te-

324 2087 470 2166 risendi
484 2086 578 2172 leges
592 2085 816 2176 ¹acciperent,
849 2107 922 2162 nou
946 2083 1102 2162 arbitror
1123 2105 1182 2164 eos
1204 2080 1316 2170 magis
1363 2103 1447 2153 men
1470 2054 1556 2152 baec
1580 2078 1681 2150 initia
1706 2074 2365 2182 ignorarebomtncntiuratoarurpe

324 2189 433 2260 ullius
449 2186 500 2258 rei
515 2183 702 2268 dulcedine
718 2198 838 2276 captos
850 2205 949 2270 esse,
982 2206 1088 2276 qnam
1111 2181 1315 2276 monstratis
1365 2181 1662 2266 est,.etalienutn
1679 2176 1911 2265 humanitus.
1964 2179 2157 2271 Quomodo
2173 2183 2257 2264 *int
2274 2209 2363 2276 ψ,

323 2293 428 2371 rebus
446 2287 665 2378 coelestibus.
714 2285 788 2372 Nec
804 2285 975 2356 deterreri
993 2309 1030 2354 se
1046 2286 1091 2354 ab
1106 2279 1165 2354 his
1188 2283 1315 2384 studiis
1364 2280 1466 2354 trarii
1488 2295 1606 2366 motus
1628 2283 1804 2368 orbium,
1827 2285 1875 2354 de
1891 2283 1982 2370 solis
2001 2308 2128 2372 ¹suasu,
2145 2353 2150 2364 ,
2167 2309 2264 2379 quae
2291 2287 2362 2358 sint

324 2406 417 2478 recta
431 2389 572 2480 ingenia
589 2389 708 2476 sinant
724 2385 1123 2473 indoctorumjudiciis,
1153 2387 1217 2480 qni
1235 2400 1315 2456 ton-
1364 2383 1671 2477 aequinoctiorum
1697 2408 1740 2456 ac
1767 2384 2006 2482 solstitiorum
2026 2398 2362 2470 emorrannum,

323 2509 399 2564 tum
421 2504 648 2584 quaestuosas
671 2487 974 2574 artes‘mirantur.
1025 2487 1214 2578 Nemeum
1229 2481 1316 2574 haec
1364 2509 1429 2558 tur
1445 2485 1485 2554 in
1501 2485 1570 2558 alia
1587 2485 1713 2556 circuli
1726 2500 1824 2577 parte
1839 2487 1977 2561 tardior
1991 2488 2039 2564 sit
2057 2502 2208 2574 motus,
2226 2491 2269 2565 in
2289 2492 2362 2572 ‚alia

323 2597 396 2672 sint
411 2593 553 2678 virtutis
567 2592 703 2676 studia,
735 2591 907 2662 fortitudo
930 2591 1037 2668 etiam
1053 2590 1100 2674 ,in
1122 2589 1172 2660 eis
1195 2589 1316 2660 colen·
1365 2587 1540 2672 uelocior,
1583 2589 1764 2681 quomodo
1781 2589 1872 2660 solis
1894 2611 2043 2674 cursus..
2062 2593 2263 2684 «quomodo
2287 2593 2361 2682 poli

323 2694 603 2789 disrequiritur,
629 2717 719 2786 quae
735 2693 1058 2781 animosadversus
1078 2693 1202 2762 surltas
1217 2689 1316 2782 vulgi
1364 2689 1517 2766 altitudo
1535 2689 1649 2781 spatia
1670 2690 1812 2766 dierum
1833 2703 1970 2776 mutet,
2004 2692 2191 2784 umentes
2211 2693 2359 2772 umbos·

296 2801 306 2810 “
323 2797 510 2891 opiniones
526 2793 704 2880 obfirmet,
729 2809 764 2866 et
778 2792 1086 2886 perversaiudicia
1102 2806 1315 2867 coutemnat.
1364 2815 1445 2865 rum
1462 2791 1706 2878 differentiae„
1722 2815 1763 2870 ex
1778 2792 2004 2886 quibuscum
2016 2793 2218 2874 abamotu
2232 2797 2363 2886 depre-

356 2973 360 2980 ,
424 2897 543 2992 Atque
564 2893 812 2989 hoctempore
836 2896 893 2978 vel
915 2895 1064 2966 maxime
1082 2897 1316 2988 pugnandum
1364 2889 1474 2966 hensa
1490 2907 1593 2973 sunt,
1627 2907 1703 2964 tum
1719 2893 1824 2980 etiarn
1841 2895 1927 2966 solis
1946 2906 2117 2978 clitumno
2139 2898 2363 2988 magnitudi-

185 2993 190 3006 '
323 3015 375 3072 est
396 3023 475 3072 curn
501 2999 726 3077 indoctorum
745 2999 1042 3088 persuasionibus.
1091 2995 1201 3090 Nulla
1219 2997 1314 3082 enim
1363 3018 1446 3080 nes,
1468 2995 1534 3088 qui
1547 2994 1621 3067 sint
1631 2995 1821 3083 regionum
1829 2997 1942 3080 situs,
1974 3019 2086 3089 quare
2100 2996 2191 3082 luna
2205 2997 2362 3088 singulis

324 3105 411 3186 altas
445 3115 516 3170 tam
540 3101 663 3186 ,ferrea
696 3100 798 3171 rectis
831 3100 958 3192 studiis
981 3100 1068 3183 luit,
1104 3123 1210 3192 qnam
1236 3099 1315 3172 ista.
1363 3098 1546 3177 mensibus
1560 3097 1773 3180 occultetur,
1801 3110 1842 3178 ¹et
1858 3109 1979 3189 posim
1993 3098 2170 3189 prodiens,
2183 3101 2361 3191 paulatim

322 3201 435 3274 Cuius
458 3201 512 3270 rei
534 3201 671 3288 etiarnsi
693 3215 777 3272 sunt
802 3203 976 3294 quaedam
999 3201 1162 3278 inastris
1181 3223 1315 3286 causae,
1363 3200 1509 3289 impleat
1526 3199 1665 3284 orbem,
1685 3199 1989 3290 ,qnaeeelipsiutn
2003 3201 2239 3282 crussesiotc
2274 3197 2363 3282 baec

324 3321 368 3378 ut
388 3304 533 3394 eclipses
557 3318 591 3374 et
613 3315 768 3374 cometae
792 3297 923 3386 borum¹
941 3294 1118 3386 'annorum
1142 3325 1218 3374 non
1248 3303 1316 3372 ob-
1364 3315 1468 3393 atque
1495 3298 1952 3384 manutenendum·
1974 3314 2079 3392 parte
2107 3296 2225 3383 huius,
2245 3304 2363 3374 libelli

324 3429 426 3488 crure
444 3399 663 3492 significanti
694 3417 811 3486 tamen
833 3418 871 3486 et
889 3417 1029 3495 praeter
1049 3405 1171 3483 fatales
1182 3407 1315 3486 'causas
1364 3403 1570 3480 traduntur:
1598 3424 1691 3494 quae
1699 3414 1817 3475 tamen
1831 3402 1906 3493 ipsa
1917 3401 2361 3498 lompletissimomquan·

324 3520 454 3598 augent
472 3499 723 3592 banerabiem
744 3529 807 3590 suo
826 3507 955 3602 scelere
970 3501 1132 3576 homines
1147 3505 1315 3596 improbi,
1364 3505 1446 3574 darn
1463 3504 1662 3575 doctrinam
1685 3504 1889 3588 continent,
1923 3528 1989 3579 nec
2010 3505 2178 3596 explicari
2199 3523 2362 3596 possunt,

275 3661 284 3672 .
323 3631 484 3704 quorum,
500 3607 612 3676 animi
631 3607 825 3678 ambitione
844 3621 878 3678 et
894 3605 1040 3700 avaritia
1059 3608 1218 3699 occupati
1233 3631 1315 3690 vere
1363 3605 1435 3674 nisi
1450 3606 1563 3676 multa
1579 3603 1801 3698 requiramus
1816 3630 1858 3682 ea
1872 3606 2052 3691 lontibus,
2072 3607 2149 3686 ‚obi
2173 3611 2221 3680 do
2243 3611 2361 3680 causis

322 3715 417 3792 laona
446 3731 573 3802 neque,
589 3707 786 3798 intelligere
826 3731 941 3802 neque
971 3722 1131 3800 expetere
1155 3721 1316 3802 possunt.
1363 3708 1574 3798 disputatur·
1641 3703 1761 3793 Quare
1782 3729 1951 3796 magnum
1974 3701 2284 3799 operaepretium
2308 3712 2362 3780 la·

321 3809 611 3894 Proindemaior
630 3803 833 3882 adhibenda
856 3825 908 3882 est
931 3811 1110 3880 contentio
1133 3811 1237 3892 bonis
1259 3810 1316 3880 vi-
1363 3809 1463 3885 ciunt
1477 3807 1628 3880 studiosi
1643 3807 1682 3876 iu
1699 3801 1768 3878 hoc
1781 3808 1907 3880 libello
1922 3811 2168 3898 cognoscendo
2185 3835 2326 3892 omnes.
2359 3887 2361 3894 ,

231 3976 261 3982 .,
322 3917 390 3998 ris,
421 3936 465 3982 ne
481 3913 601 3982 literae
622 3935 696 3982 non
716 3925 786 3996 tam
809 3913 899 3998 fato,
922 3903 1040 4004 'qtiam
1063 3912 1162 4002 uulgi
1184 3915 1315 3996 furore,
1464 3908 1533 3980 Sed
1550 3931 1739 3999 generosae
1753 3923 1920 3996 naturae,
1949 3911 2144 4000 degustatis
2158 3905 2361 3998 bisinitiis,

322 4035 507 4108 oppressae
530 4014 692 4098 funditus
715 4013 899 4101 intereant.
951 4009 1226 4108 Cumqueartes
1246 4011 1314 4084 Dei
1363 4011 1406 4083 ad
1430 4025 1564 4084 caetera
1588 4009 1725 4101 ingenti
1743 4011 2278 4104 animocontanderefdebenn
2321 4032 2358 4088 ut

322 4139 452 4206 rnnnus
482 4115 574 4200 sint,
611 4139 696 4200 non¹
718 4115 904 4192 delaturus
932 4127 984 4184 est
1006 4111 1104 4184 Deus
1135 4111 1210 4202 his,
1250 4115 1314 4208 qni
1363 4107 1636 4204 pulcherrimam
1662 4125 1704 4191 et,
1725 4109 2257 4206 inspiciminphilosopbiae·
2277 4140 2359 4207 par-

324 4220 433 4310 ipsius
450 4219 542 4288 dona
558 4230 704 4288 tuentur
718 4230 752 4287 et
767 4239 973 4288 conservare
987 4217 1142 4288 student.
1364 4227 1433 4286 tem
1442 4214 1694 4286 absolutamad
1705 4213 1913 4288 vitecosum
1927 4217 2197 4300 accommodare
2208 4223 2360 4308 possint,

375 4367 380 4394 ,
409 4317 601 4405 ‚Fortassis
631 4313 690 4387 hic
727 4317 831 4402 etiam
867 4317 1104 4402 adolescentes
1141 4317 1312 4390 monendi
1364 4330 1538 4402 et'eausas
1559 4315 1696 4398 videre,
1735 4318 1832 4388 unde
1855 4317 1929 4388 sint
1950 4317 2004 4388 illi
2026 4335 2147 4388 rerum
2173 4317 2359 4406 circuims,

323 4434 442 4506 erant,
468 4419 548 4513 quis
564 4415 671 4506 huius
688 4419 802 4502 libelli
820 4441 904 4488 usus
920 4417 974 4488 sit.
1027 4417 1097 4516 Sed
1118 4413 1314 4510 haspartes
1364 4439 1453 4510 quos
1471 4418 1519 4490 ita
1535 4430 1638 4486 vocat
1650 4408 1781 4501 Plato,
1822 4419 1862 4488 in
1886 4419 2022 4490 naturis
2045 4441 2239 4510 corporum
2260 4435 2296 4492 et
2320 4423 2358 4490 in

322 4521 574 4612 interpretibus
594 4519 805 4614 relinquam.
851 4511 1088 4590 Potentius
1111 4521 1314 4612 prudentis-
1363 4519 1470 4589 rebus
1489 4518 1659 4611 publicis,
1692 4518 1754 4611 qui
1775 4531 1896 4603 ortus,
1927 4521 2163 4604 incrementa,
2202 4521 2358 4594 inclina·

322 4625 410 4696 simo
425 4622 464 4691 in
484 4617 574 4707 lianc
591 4622 769 4712 epitomen
785 4621 959 4718 contraxit
972 4619 1166 4691 Ptolemaei
1182 4623 1315 4694 doctri-
1364 4620 1478 4695 tiones
1492 4619 1709 4693 etinteritus
1722 4621 1917 4694 continent.
1967 4620 2028 4701 Ad
2050 4616 2185 4697 baecsi
2201 4645 2356 4712 necessr-

323 4747 405 4807 narn
427 4724 471 4792 de
497 4723 657 4792 omnium
681 4723 824 4794 orbium
845 4721 1049 4792 coelestium
1071 4725 1244 4806 motibus,
1273 4738 1314 4797 ut
1363 4723 1410 4792 rit
1431 4722 1589 4794 liberalis
1608 4722 1758 4792 aliarum
1782 4721 1965 4795 literarum
1984 4723 2146 4798 doctrina
2162 4726 2357 4816 etreligio-

323 4825 489 4900 studiosis
511 4825 648 4896 aditum
669 4825 713 4894 ad
738 4825 891 4912 integras
912 4823 1169 4915 disputationes
1179 4825 1312 4916 patefa—
1362 4822 1418 4896 nis
1437 4823 1607 4906 scientia,
1648 4823 1733 4916 quid
1758 4837 1874 4913 potest
1895 4823 2130 4913 cogitaristali
2153 4817 2253 4911 iim,
2293 4831 2357 4920 qui

175 4913 181 4920 ¹
211 4987 218 5001 .
251 4937 257 4948 “
323 4941 425 4999 reret.
447 4975 451 4989 .
476 4923 626 4996 Prodest
647 4925 741 4997 enim
768 4927 813 4996 ad
835 4925 995 5004 difficiles
1022 4937 1056 4994 et
1079 4927 1203 5016 longas
1227 4950 1314 4996 con.
1362 4924 1426 4997 ista
1442 4939 1649 4996 consecutus
1668 4937 1737 5008 est,
1770 4925 1932 4996 beatius?
1960 4924 2088 5010 ¹Nulla
2109 4949 2255 5016 regna„
2270 4931 2356 5014 nnl-

323 5027 511 5103 troversias
534 5027 659 5096 aiierre
682 5049 856 5096 summam
888 5025 1040 5115 negotii,
1079 5027 1310 5117 velutargu-
1362 5027 1413 5098 las
1427 5049 1529 5116 opes,
1562 5027 1680 5096 nullas
1694 5025 1892 5118 voluptates
1915 5027 2055 5100 anirnus
2075 5051 2151 5098 nun
2172 5043 2356 5100 monstro-

322 5142 495 5201 mentum.
548 5125 670 5220 ltaque
686 5128 770 5198 dum
787 5123 846 5197 hic
868 5127 1023 5218 picturas
1043 5129 1187 5200 orbium
1210 5127 1314 5199 insti-
1361 5150 1421 5198 sus
1434 5122 1491 5198 his
1505 5127 1609 5198 bonis
1623 5128 1804 5202 anteferet.
1854 5125 1978 5223 Neque
1990 5129 2167 5210 seruulla
2187 5148 2353 5222 exparte

324 5233 410 5316 tuit,
436 5243 575 5300 tantum
594 5224 645 5301 cd⁴
659 5225 716 5301 ὅτι
723 5279 736 5314 ,
769 5243 810 5298 ut
824 5228 873 5298 ita
888 5230 1034 5314 dicam,¹
1048 5232 1167 5306 tradit.
1218 5229 1313 5302 Cau·
1360 5229 1518 5300 fructum
1546 5253 1670 5321 capere
1701 5229 1786 5325 satis
1816 5231 1967 5324 dignum
1994 5231 2072 5304 sine
2096 5226 2163 5302 hac
2187 5232 2355 5314 societate

324 5357 379 5404 sas
396 5355 499 5414 vero,
532 5353 595 5402 cur
616 5344 670 5400 tot
692 5331 861 5423 cuiusque
883 5331 1042 5422 planetae
1066 5333 1312 5418 orbesnume-
1361 5331 1602 5426 doetriparnm
1617 5331 1803 5425 quisquam
1816 5333 1960 5426 ppterit.
2009 5331 2080 5405 Sed
2100 5346 2140 5403 ut
2158 5330 2198 5420 iu
2222 5333 2353 5404 fidibus

256 5445 258 5451 ’
323 5447 462 5518 rentur,
499 5445 534 5503 et
557 5433 688 5527 quibus
707 5431 1016 5504 observationibus
1036 5443 1133 5506 tanta
1155 5433 1312 5518 ‚varietas
1360 5433 1555 5524 plurimum
1592 5445 1782 5506 concentus
1821 5434 1925 5520 elficit
1955 5433 2149 5526 perfectam
2180 5457 2351 5508 sonorum
