4872 6272
140 230 218 308 an
374 245 380 252 ·
534 229 544 250 ·
706 229 1621 364 ms·sroeaaunnta.vu.1sss
2096 251 2173 368 ese

145 409 176 472 et
201 397 472 504 Duelt‘ssgltm
507 401 631 480 vuum·
650 401 855 483 'Ductorem
886 401 1135 482 Antonium
1186 428 1319 486 metum
1347 413 1584 520 pestilentiae,
1622 415 1712 516 qnae
1743 421 1991 515 Wittebergae
2022 427 2172 515 grassari

256 527 260 536 ⁴
338 549 351 560 .
501 565 504 572 .
538 499 739 582 Bornos.
978 563 983 572 .
1043 569 1046 580 ,
1184 514 1363 608 coeperat,
1392 519 1567 611 dispersos
1583 543 1667 593 esse.
1720 521 1839 613 Quare
1853 549 1933 596 cum
1947 527 2063 596 absint
2079 551 2173 596 nun·

144 599 339 714 Principio
362 625 731 698 commemorationem
749 627 1016 700 benevolentiae
1033 628 1137 700 Sere-
1185 618 1278 686 tiulfi
1310 641 1330 688 ἃ
1362 613 1499 706 Sth⁰lts
1532 617 1590 692 hle
1617 624 1827 694 retinendas
1851 620 1966 696 adime
1989 625 2075 712 fuit,
2105 629 2171 700 ⁰1⁸5

145 721 285 791 nissimi
312 719 423 812 Degis
448 719 617 813 Angiiae,
649 723 798 799 Domini
818 742 853 798 et
872 727 1136 820 consanguinei
1184 740 1365 808 speramus
1379 717 1448 792 Dei
1471 724 1641 796 uenena>
1665 726 1766 796 brevi
1790 749 1912 796 rursus
1935 741 2171 819 conventuros

144 824 276 909 nostri,
305 845 386 914 erga
405 847 489 910 nos,
512 826 683 898 etlitrras
700 829 810 918 ipsius
825 843 923 920 grato
941 831 1059 900 animo
1077 856 1135 900 ac·
1185 841 1258 892 &Se
1279 833 1314 896 el
1335 837 1493 916 caetems
1512 825 1736 914 professores.
1796 825 1845 898 Et
1868 829 1940 896 iam
1962 851 2170 922 apparamus

135 926 312 1016 cepimus,
329 925 525 996 etvieissim
542 941 662 998 nostra
678 929 794 1000 officia
803 929 1034 1002 serenissimo
1044 930 1135 1021 Regi
1182 919 1251 990 lter
1274 937 1451 1008 nmirum,
1484 926 1523 993 in
1547 949 1618 1018 (1¹10
1639 951 1705 996 nos
1727 951 1868 1022 qttoque
1883 929 2021 1022 aliquos
2046 931 2169 1000 nobis-

144 1027 279 1118 optima
300 1025 482 1099 volontate
498 1029 701 1104 deferimus,
1182 1043 1262 1090 eum
1277 1025 1419 1092 ducturi
1437 1047 1557 1120 sumus
1571 1027 1649 1096 Deo
1660 1029 1812 1100 volente.
1848 1027 1939 1100 Cum
1956 1039 2072 1100 autem
2090 1054 2169 1127 spe·

243 1125 435 1219 Postquam
448 1143 567 1222 anatem
583 1131 949 1202 dictusoratornobis
965 1134 1134 1222 exposuit,
1182 1145 1320 1206 remus,
1351 1124 1503 1213 iugulum
1521 1127 1631 1196 illum
1648 1142 1683 1201 et
1706 1127 1896 1198 Ductorem
1919 1125 2069 1200 Bomos
2094 1156 2168 1202 non
2242 1143 2244 1150 ’

144 1229 238 1322 quod
257 1229 509 1300 serenissimus
525 1225 602 1302 Rex
618 1231 790 1302 missurus
805 1229 850 1303 s'it
867 1247 901 1303 et
919 1234 1068 1305 alterum
1082 1235 1134 1302 le-
1182 1225 1353 1312 gravalim
1377 1227 1528 1296 reditum
1550 1243 1712 1298 nostrum
1733 1245 1977 1322 expectaturus
1993 1253 2081 1316 esse,
2105 1223 2169 1324 pess

133 1343 272 1418 'gatum-
283 1353 363 1400 cum
378 1331 480 1400 certis
493 1334 680 1418 mandatis,
704 1355 744 1402 ac
758 1335 894 1424 petivit,
913 1349 952 1405 ut
968 1337 1151 1424 sarmatamx
1181 1325 1289 1393 timus
1304 1326 1508 1411 clementer,
1533 1341 1574 1398 ut
1586 1327 1631 1401 D.
1644 1323 1792 1398 Barnea
1807 1355 1918 1424 aequo
1936 1333 2054 1402 artinro
2071 1335 2170 1416 ferret,

146 1431 201 1500 illi
225 1430 430 1502 aSereniss.
455 1429 552 1522 Rege
576 1435 705 1504 tradita
726 1459 800 1503 non
824 1436 1012 1506 difficulter
1029 1433 1133 1505 aradi·
1182 1425 1317 1496 diffel'ri
1342 1450 1549 1518 1⁰⁵P0¹1⁵⁰1¹¹
1570 1431 1613 1498 de
1637 1425 1704 1500 h0⁶
1726 1432 1895 1518 ἃῐῑῐῦῑῑῑθ,
1928 1435 1973 1505 de
1991 1421 2170 1568 Phill'fpv

144 1555 263 1602 remus
279 1547 313 1603 et
327 1552 610 1620 agnosceremus,
638 1535 675 1603 id
690 1535 843 1605 libenter
857 1535 985 1606 facturi
1001 1557 1132 1621 sumus,
1181 1519 1444 1609 Melanlhsstte,
1476 1553 1588 1622 usque
1609 1532 1654 1600 «td
1674 1533 1828 1602 reditum
1852 1546 2022 1610 nostrum.
2077 1533 2168 1604 bam

146 1634 328 1726 quoniam
341 1646 376 1702 et
402 1634 557 1704 amicitia
577 1637 866 1725 nostra=atignum
886 1651 920 1710 ee
943 1624 1150 1708 honestum‘
1182 1639 1367 1720 postquam
1382 1627 1450 1700 Dei
1461 1631 1630 1700 beneficio
1650 1634 1781 1702 reversi
1796 1635 1977 1718 fuerimus,
2002 1625 2108 1708 etiarn
2125 1635 2169 1704 de

145 1757 219 1804 esse
233 1734 439 1804 iudicamus.
479 1729 527 1804 Et
543 1735 613 1804 iam
629 1737 953 1807 statimseribemus
968 1740 1010 1807 od
1029 1763 1132 1829 prae·
1180 1723 1429 1822 horontiano,
1454 1733 1754 1826 quemadmodum
1765 1735 1904 1826 decebit
1914 1759 1998 1822 aas,
2022 1759 2167 1835 respun-

145 1837 257 1906 sidem
278 1833 435 1906 Ducatus
451 1834 641 1925 saxoniae,
667 1851 727 1924 ut,
752 1859 833 1908 cum
857 1840 989 1928 legatus
1010 1841 1071 1907 ille
1093 1839 1131 1908 in
1179 1827 1354 1906 flebimus·
2076 1849 2083 1866 '

144 1934 321 2006 Ducatum
342 1935 517 2006 Senoniae
538 1940 692 2024 venerit,
718 1935 765 2007 ac‘
777 1941 845 2009 iter
864 1935 1027 2010 habuerit
1053 1958 1133 2008 ver·
1280 1929 1571 2026 Postremuquod
1586 1931 2056 2030 exposuicDooorBomo,
2072 1943 2167 2034 quod

144 2061 203 2108 sus
228 2037 509 2126 widubergam,
549 2033 697 2131 arripiat
723 2065 804 2110 eum
834 2055 954 2112 nostro
986 2042 1132 2110 nornine
1181 2031 1350 2102 sereniss.
1363 2033 1442 2106 Rex
1460 2031 1611 2125 Angliae¹
1627 2052 1852 2135 non'recuset
1866 2063 1902 2108 se
1917 2039 2106 2128 adiungere
2125 2045 2168 2112 ad

144 2139 213 2208 fide
233 2136 374 2228 publica
399 2152 433 2206 et
456 2151 601 2232 propter
624 2139 794 2214 Sereniss.
816 2139 951 2232 Regem
973 2156 1133 2212 amanter
1180 2133 1381 2204 societatem
1394 2135 1558 2222 foederis,
1579 2133 2168 2234 quodbabemuscuruquibusdans

135 2253 179 2331 ,et
201 2237 355 2338 officiose
376 2234 509 2310 l'ractct.
560 2237 613 2318 Et,
634 2255 823 2311 ventorum
848 2243 951 2312 illum
979 2245 1130 2332 legatum
1180 2231 1406 2328 Principibus
1421 2233 1641 2326 Gennaniae'j
1656 2263 1696 2308 ac
1716 2240 1864 2335 statibus
1884 2255 2032 2334 propter
2047 2241 2167 2314 defen-

146 2337 297 2408 libenter
312 2337 387 2406 sine
397 2335 470 2408 ulla
485 2359 584 2408 mora
599 2341 756 2436 audituri
766 2365 928 2414 essemus.
963 2343 1034 2414 Sed
1052 2367 1131 2414 cum
1179 2335 1321 2434 sionem*
1340 2337 1419 2428 piae
1441 2352 1476 2409 et
1499 2363 1608 2430 purae
1624 2341 1806 2414 doctrinae
1818 2337 2023 2430 Evangelii,
2049 2344 2079 2412 si
2094 2337 2168 2414 Re-

62 2487 66 2492 ·
138 2429 219 2533 'non
243 2437 520 2509 intellexerimus
544 2441 655 2529 certa,
680 2445 823 2538 quando
844 2445 1059 2516 adventurus
1078 2445 1133 2530 sit,
1181 2438 1256 2526 gine
1278 2437 1464 2510 Serenitati
1487 2441 1665 2512 tribuatur
1686 2443 1784 2517 locrus
1805 2443 1953 2536 dignus,
1978 2443 2038 2512 scd
2060 2444 2109 2514 ita
2130 2459 2169 2514 ut

145 2556 179 2612 et
192 2561 257 2612 nos
273 2539 437 2610 maximis
453 2538 626 2614 de'cau'sis
639 2545 682 2614 ad
699 2535 820 2636 pacem
838 2570 878 2617 ac
893 2547 1134 2639 tranquillita-
1181 2537 1313 2628 Regiae
1326 2537 1518 2610 Serenitati
1535 2541 1633 2632 peius
1646 2567 1710 2634 per
1726 2541 1856 2633 legatos
1866 2536 2031 2617 homines
2048 2542 2169 2634 prudi-

145 2657 215 2715 tem
237 2636 437 2720 nostrarum
462 2641 639 2714 ditionum
664 2649 759 2738 etad
776 2647 844 2716 alia
862 2643 1134 2738 pertinentibus,
1181 2651 1237 2710 los
1261 2653 1356 2712 certo
1380 2640 1633 2730 significemus,
1662 2667 1752 2738 quos
1776 2645 1943 2738 articulos
1961 2646 2000 2716 iu
2018 2643 2167 2716 concilio

138 2743 246 2837 ‚brevi
268 2741 336 2812 iter
359 2743 396 2810 in
412 2742 499 2824 atae
516 2747 685 2838 quasdam
701 2747 862 2838 regiones
876 2749 1070 2840 suscepturi
1085 2749 1134 2816 si·
1181 2741 1371 2812 defendere
1386 2743 1595 2835 cogitemus,
1610 2757 1650 2837 ,et
1664 2767 1709 2814 ue
1723 2768 1789 2816 nos
1804 2759 1836 2819 et
1854 2747 1966 2840 noemi
1977 2736 2168 2818 *eonfoede-

143 2866 222 2914 mus
236 2835 475 2938 “)‚'pitimus'
503 2861 544 2916 ut
571 2839 686 2918 dic‘tus
714 2840 834 2918 orator
859 2843 961 2922 Doct.
985 2845 1134 2918 Barnea
1181 2841 1250 2912 rati
1273 2843 1532 2912 consentiamus
1553 2844 1592 2912 in
1610 2845 1761 2914 coneilio
1776 2847 1846 2914 nisi
1860 2871 1898 2915 re
1912 2846 2167 2921 communicata

144 2956 296 3040 exponat
308 2939 428 3033 leg'ato'
447 2943 521 3030 illi',
546 2972 626 3016 enm
641 2950 798 3033 verterit,
823 2973 888 3020 nos
904 2949 1056 3040 benigne
1072 2975 1132 3041 pe·
1182 2967 1262 3012 cum
1280 2941 1392 3032 Regia
1411 2943 1623 3030 serenitate,
1648 2959 1683 3016 et
1707 2949 1887 3017 communi
1907 2971 2079 3018 consensu
2095 2945 2168 3019 Re-

144 3059 218 3116 tere
237 3044 383 3137 propter
402 3041 493 3117 sslud
513 3064 674 3119 nostrum
695 3051 783 3136 iter,
807 3065 847 3120 ut
868 3073 941 3122 non
961 3051 1132 3140 gravatim
1180 3043 1255 3132 gine
1270 3042 1492 3140 serenitatis:
1525 3049 1570 3114 ad
1592 3041 1678 3116 haec
1698 3050 1977 3138 respondemus„
2001 3073 2067 3118 rios
2087 3052 2168 3144 qui·

144 3142 537 3238 autWittebergae'aut
552 3147 590 3218 in
598 3149 726 3220 vicinis
740 3148 882 3244 oppidis
897 3153 1051 3222 reditum
1065 3177 1133 3222 no·
1181 3147 1262 3214 dem
1286 3157 1321 3214 et
1337 3139 1429 3216 hanc
1446 3144 1614 3220 Sercaiss.
1632 3145 1740 3235 Regis
1756 3149 2037 3220 benevolentiam
2056 3147 2166 3242 pluri-

138 3241 256 3320 'strom
279 3262 449 3340 expectet,
482 3275 586 3343 quem
608 3265 648 3322 nt
671 3247 768 3322 Deus
791 3253 903 3322 nobis.
917 3255 1071 3324 faustum
1092 3279 1132 3324 ac
1180 3246 1232 3314 mi
1256 3245 1386 3332 facere,
1417 3259 1452 3316 et
1484 3248 1641 3318 vicissim
1668 3251 1766 3318 omni
1793 3251 1912 3320 studio
1933 3251 2165 3322 Serenissimu

144 3351 294 3422 celerem
318 3351 505 3436 concedat,
534 3375 688 3426 oramus.
734 3351 902 3448 'Cumque
924 3355 1132 3424 redierimus
1180 3344 1272 3438 Regi
1293 3348 1546 3436 gratificaturus
1564 3373 1647 3420 esse.
1700 3349 1771 3421 Sed
1792 3345 1879 3422 haee
1898 3351 2103 3422 deliberatio
2124 3359 2166 3424 de

103 3475 112 3486 ·
143 3450 407 3545 quamprimum
440 3451 715 3542 significabimus
744 3455 858 3546 legato
889 3456 962 3542 illi,
995 3481 1066 3550 quo
1093 3456 1132 3524 in
1180 3449 1326 3518 foedere
1349 3473 1424 3518 non
1453 3451 1498 3520 ad
1523 3474 1588 3520 nos
1613 3451 1707 3520 solos
1728 3451 1891 3542 pertinet.
1951 3449 2070 3542 Quare
2094 3477 2166 3526 uun

143 3553 222 3623 loco
239 3552 356 3642 ipsum
373 3565 468 3624 certo
483 3553 641 3622 audituri
656 3556 775 3628 simus.
1180 3571 1366 3640 possumus
1396 3554 1611 3644 respondere
1643 3575 1681 3624 re
1713 3553 1876 3624 nondum
1910 3555 2165 3626 communicata

242 3649 292 3738 Et
316 3653 486 3746 quoniam
498 3651 543 3724 D.
559 3649 706 3724 Bomos
728 3657 822 3726 inter
838 3659 1133 3732 eaeteramanda.
1181 3675 1262 3720 cum
1283 3651 1426 3723 caeteris
1447 3653 1710 3734 confoederatis.
1760 3651 1852 3724 Cum
1874 3667 1992 3724 autern
2007 3652 2084 3724 Deo
2104 3681 2166 3722 va-

143 3753 299 3825 tanobis
314 3753 492 3846 exposuit,
518 3753 837 3847 Serenise,Regem
854 3773 1003 3828 venturo
1019 3759 1132 3848 legato
1180 3751 1275 3820 lente
1300 3766 1378 3842 post
1399 3776 1526 3842 paucas
1549 3753 1759 3846 septimanas
1784 3777 1906 3824 omnes
1930 3755 2166 3826 confoederati

143 3855 375 3938 commisisse,
411 3868 450 3925 ut
483 3856 526 3924 de
552 3857 656 3926 certis
684 3858 841 3927 articulis
870 3880 951 3928 nrm
972 3857 1061 3932 Rev.
1087 3857 1131 3931 D.
1181 3851 1391 3944 conventuri
1412 3867 1514 3940 sunt,
1539 3877 1752 3946 exponemus
1768 3853 1817 3924 eis
1831 3855 2047 3924 voluntatem
2064 3853 2167 3926 Sere·-

142 3950 324 4026 Mnrtino
337 3947 647 4027 Lethaea-,sotiis
659 3959 865 4028 doctoribus
876 3954 1132 4030 nostraesobo.
1180 3951 1318 4022 nissimi
1331 3949 1451 4044 Regis,
1477 3957 1569 4024 etde
1584 3969 1654 4026 tota
1670 3979 1707 4024 re
1722 3980 1802 4051 cum
1816 3956 1867 4024 eis
1882 3955 2167 4042 deliberabimus,

143 4059 199 4128 lae
213 4057 349 4148 placide
365 4058 606 4150 colloquatur,
627 4083 667 4128 ea
683 4059 721 4128 in
735 4083 774 4128 re
788 4061 1014 4148 gratificaturi
1029 4060 1133 4130 Sere·
1180 4053 1450 4150 efficiemusque,
1474 4067 1513 4124 ut
1529 4053 1780 4126 screnissimus
1793 4051 1870 4128 Rei
1885 4057 2068 4150 intelligat,
2093 4079 2166 4128 non

141 4151 414 4246 masengi,
440 4159 593 4230 libenter
613 4159 651 4229 id
670 4160 889 4254 colloquium
908 4161 1132 4244 concedimus
1181 4154 1331 4224 defuisse
1346 4157 1449 4226 nobis
1463 4157 1620 4240 studium
1633 4181 1673 4228 uc
1688 4149 1906 4228 ¹voluntatem
1921 4171 1956 4228 et
1969 4159 2167 4248 gratifican-

143 4261 249 4332 etiam
265 4259 305 4328 iu
318 4261 474 4330 absentia
493 4275 630 4348 nostra,
655 4285 700 4332 ne
715 4262 829 4352 legato
844 4261 882 4330 in
900 4286 996 4332 mora
1011 4263 1133 4348 simus,
1181 4255 1219 4332 di
1234 4251 1365 4346 Regiae
1381 4253 1587 4342 Serenitati,
1620 4269 1653 4328 et
1671 4260 1914 4350 propagandae
1932 4259 2010 4352 piae
2027 4273 2059 4330 et
2073 4255 2166 4330 salu-

142 4377 204 4432 aut
221 4375 358 4452 tempus
373 4359 506 4450 interea
521 4363 650 4433 frustra
668 4375 905 4432 consumatur,
947 4359 994 4432 Et
1010 4363 1132 4432 docto'.
1181 4355 1265 4424 iaris
1287 4357 1468 4426 doctrinae
1487 4359 1532 4426 ad
1548 4357 1698 4448 gloriatin
1709 4357 1776 4430 Dei
1793 4373 1826 4429 el
1840 4359 1988 4430 saltitem
2003 4361 2166 4434 eccieSide

143 4463 252 4534 ribus.
262 4451 557 4532 nostrae'scboiae
574 4463 839 4546 mandabimus,
865 4477 905 4534 ut
920 4462 1133 4536 conveniant
1180 4450 1324 4543 Christi.
1346 4448 1551 4557 'Nunquam
1568 4457 1663 4528 enim
1677 4461 1881 4530 abiiciemus
1894 4475 2023 4532 rectam
2043 4489 2082 4532 ac
2100 4489 2167 4561 pu-

144 4565 187 4634 ad
205 4563 358 4653 legatum
373 4563 495 4648 illum,
521 4561 666 4658 eiusque
683 4565 955 4654 disputationem
975 4565 1133 4655 deligen-
1181 4583 1257 4632 ram
1271 4557 1469 4630 doctrinam
1483 4549 1671 4648 Evangelii
1685 4554 1719 4632 et
1733 4561 1894 4635 ecclesiae
1909 4560 2042 4648 utilem,
2060 4591 2071 4634 ‹
2087 4591 2165 4634 uam

144 4681 198 4734 ter
212 4659 377 4747 audinnt‘,
404 4678 439 4733 et
456 4689 536 4733 cum
553 4688 594 4734 eo
611 4681 768 4740 maanter
784 4665 1043 4760 colloquantur.
1181 4673 1215 4729 et
1237 4655 1496 4730 illustrissimus
1513 4657 1618 4731 Pater
1632 4675 1771 4746 noster,
1797 4676 1830 4732 et
1846 4687 1912 4734 nos
1927 4689 2007 4734 nun
2022 4591 2166 4758 reliquis

173 4768 176 4777 '
236 4761 353 4854 'Quod
375 4764 479 4834 etiam
493 4765 642 4856 petitum
658 4779 709 4834 est
727 4767 771 4835 de
785 4759 963 4866 Philippo
976 4759 1133 4836 Melan·
1181 4759 1378 4832 coniunctis
1402 4757 1664 4836 curamInvict.
1684 4759 1848 4850 Caesare,
1882 4765 2026 4836 domino
2045 4780 2166 4836 nostro

145 4857 274 4950 thone,
298 4880 338 4936 ut
353 4865 385 4936 ei
399 4863 655 4958 permittamus,
678 4881 718 4938 ut
734 4867 800 4938 iter
815 4867 861 4936 ad
876 4867 1046 4939 Sereniss.
1059 4867 1134 4940 Re·
1182 4861 1467 4946 clementissimo,
1492 4875 1524 4932 et
1543 4864 1685 4934 caeteris
1702 4861 1859 4934 Romani
1877 4863 2020 4957 imperii
2035 4867 2167 4958 princi-

144 4989 221 5052 gem
238 4965 386 5058 Angliae
402 4965 578 5059 suscipiat,
603 4968 755 5038 libenter
770 4970 840 5037 iam
857 4969 977 5040 statim
988 4991 1133 5060 respon-
1182 4963 1286 5054 pibus
1306 4987 1346 5032 ac
1371 4965 1518 5034 statibus
1538 4965 1578 5033 in
1598 4979 1774 5034 conventu
1792 4961 1998 5053 Augustano
2019 4967 2168 5042 confessi

144 5068 315 5139 dissemus
337 5065 486 5136 Ductori
503 5061 684 5142 Baraes.'
716 5069 787 5140 Sed
810 5071 883 5162 ipse
899 5069 1033 5140 Doctur
1048 5067 1135 5138 Bar·
1183 5085 1314 5135 sumus.
1365 5063 1437 5134 Nec
1460 5066 1680 5148 dubitamus,
1707 5065 1795 5158 quin
1817 5069 1938 5136 eodem
1962 5069 2169 5138 animosint

144 5191 207 5236 uos
228 5167 339 5256 vidit,
364 5167 433 5238 inm
455 5171 666 5262 professores
680 5165 820 5240 scholae
836 5185 976 5243 nostrae
993 5183 1135 5264 propter
1184 5179 1217 5234 et
1240 5166 1365 5234 caeteri
1386 5167 1625 5253 ¹confoederati
1645 5167 1775 5249 nostri,
1808 5189 1849 5236 ac
1865 5191 2027 5258 rogamus
2044 5165 2168 5252 Deum,

147 5321 355 5340 ...-
775 5313 778 5322 ·
1060 5343 1064 5352 ,
1184 5279 1225 5334 ut
1250 5281 1392 5358 propter
1413 5267 1560 5355 gloriam
1580 5263 1714 5338 Christi
1734 5281 1768 5336 et
1785 5267 1934 5340 salutem
1955 5283 2170 5344 nostramet

174 5387 206 5458 Ὅ)
225 5385 356 5443 viennam
370 5385 403 5440 ad
415 5382 618 5442 rodlandum
630 5405 734 5460 aegeo.
1186 5365 1348 5436 ecelesiae
1365 5362 1460 5438 hunc
1474 5368 1633 5436 animum
1651 5381 1811 5438 nostrum
1827 5370 2018 5444 confirmet.

1275 5461 1373 5537 60·
