4834 6274
79 315 167 408 soti

82 543 86 558 .
121 489 211 574 citii,
243 467 351 583 quem
369 481 534 556 Pontifex
549 479 752 568 Romanus,
783 481 988 576 modernus,
1001 490 1063 552 eut

121 595 279 675 inm,
303 599 367 660 snt
381 581 473 656 alius
495 585 671 684 quispiam
695 605 908 682 quacunque
929 582 1065 654 sutori-

122 709 189 768 tste
203 684 485 785 pnetensefacit
498 701 559 758 aut
575 687 697 772 faciet,
722 687 783 756 sed
804 705 871 756 nec
891 685 931 756 in
947 685 1076 790 locum

121 797 275 890 aliquem
304 789 419 862 futuri
438 785 613 874 Concilii‚
649 799 711 860 sut
741 785 780 856 in
811 787 929 882 ipsum
959 787 1065 858 etiam

76 949 80 962 .
119 894 323 970 Concilium
337 890 577 975 consentiant,
601 913 726 960 verum
742 883 828 958 baec
846 888 967 958 omnia
984 909 1066 958 rnu-

121 1015 182 1072 tuo
199 991 479 1090 ipsorum-Regis
495 979 746 1086 etPrincipnm
763 989 913 1061 consilio
928 1001 964 1061 et
978 1013 1066 1060 con·

73 1157 77 1171 .
121 1121 227 1172 sensu
242 1110 413 1188 guantur
428 1089 465 1166 et
487 1093 591 1180 fiant,
626 1093 770 1186 proviso
794 1101 935 1174 tarum,
968 1089 1064 1186 quod

121 1204 154 1274 si
169 1213 266 1274 certo
280 1197 453 1292 iustisque
468 1195 686 1286 argumentis
703 1207 738 1265 et
755 1193 954 1264 rationibus
978 1215 1066 1264 con-

122 1301 269 1386 stiterit,
313 1299 383 1372 tale
416 1291 650 1368 christianum
670 1295 825 1368 liberum
846 1305 883 1368 ct
903 1293 1065 1390 generale

120 1403 326 1478 Concilium
341 1399 517 1471 indictum
531 1419 625 1482 esse,
649 1387 755 1494 q'uale
767 1397 939 1468 foederati
950 1397 992 1489 'in
1008 1419 1067 1466 rc-

120 1490 1067 1700 mittittttti‘littPttiibi‘ffl

123 1711 247 1783 cilium
260 1727 336 1780 non
350 1707 397 1778 sit
409 1705 657 1778 recusandum.

74 1838 160 1944 (lV)
186 1837 275 1914 item
289 1837 320 1910 si
336 1837 536 1930 contingat,
561 1823 658 1934 quod
677 1849 750 1906 non
765 1833 1068 1906 consentientibus

124 1943 218 2018 dicto
234 1941 404 2015 Sereniss.
422 1935 520 2032 Rege
541 1953 575 2010 et
594 1933 824 2030 Principibus
847 1961 887 2006 ac
908 1935 1068 2010 Statibus

124 2043 381 2120 confoederatis
397 2061 503 2136 super
517 2039 595 2112 loeo
611 2033 764 2110 Concilii
781 2049 842 2110 aut
864 2038 940 2132 ipsa
960 2037 1066 2110 etiam

126 2145 341 2232 indictione,
385 2141 491 2216 Rom
523 2155 643 2214 tamen
672 2135 889 2236 Episcopus,
935 2164 975 2210 ac
1005 2139 1067 2212 alii

125 2247 310 2341 Principes
330 2238 411 2317 curn
428 2267 469 2313 eo
491 2241 530 2314 in
552 2265 590 2314 ea
614 2265 717 2314 causa
739 2239 921 2313 coniuncti
943 2241 1069 2312 volue-

107 2349 111 2362 '
126 2351 200 2424 rint
222 2343 339 2420 nihilo
355 2343 477 2416 minus
489 2345 681 2440 procedere
696 2343 740 2414 ad
756 2341 911 2416 Concilii
926 2367 988 2416 scu
1002 2367 1069 2436 po-

89 2503 97 2518 ·
128 2455 199 2526 tius
218 2445 449 2524 conciliabuli
472 2445 766 2532 celebrationem,
804 2459 840 2518 et
859 2445 1005 2540 quidem
1029 2445 1068 2514 in

126 2557 224 2640 loco,
255 2573 362 2646 snper
389 2573 461 2643 quo
489 2571 564 2620 non
588 2547 833 2620 consenserint
853 2547 941 2622 dicti
963 2545 1069 2622 Sere-

126 2657 211 2728 niss.
240 2651 337 2738 Rex‚
375 2647 561 2746 Principes
593 2661 629 2720 et
661 2649 781 2722 Status
819 2647 1071 2734 confoederati,

126 2757 225 2852 quod
256 2767 341 2826 tunc
371 2765 406 2824 et
434 2752 474 2822 iu
496 2775 539 2822 eo
561 2773 643 2822 casu
666 2764 741 2822 tarn
762 2747 879 2822 dictus
899 2749 1069 2826 Sereniss.

125 2857 222 2941 Rex,
253 2877 359 2950 quam
390 2851 476 2922 dicti
502 2849 635 2924 illustr.
664 2849 850 2945 Principes
876 2866 918 2932 ¹et
950 2849 1070 2924 Status

127 2954 369 3032 confoederati
415 2953 545 3026 rimurn
570 2977 635 3048 pro
654 2953 792 3026 viribus
814 2955 1010 3040 curabunt,
1036 2967 1071 3024 et

607 237 1062 384 ‘ucrcrotnnun
1118 305 1230 386 cm.
1269 307 1353 386 vu.
1407 303 1538 386 cass.

2007 317 2101 392 tosa

1161 503 1232 575 que
1258 475 1446 576 Episcopis
1476 495 1510 554 et
1538 447 1861 560 concionatoribus
1891 487 2024 582 populo
2058 495 2103 562 ad

1161 605 1269 654 omne
1284 583 1490 656 scandalum
1506 585 1762 656 removendum
1782 582 1955 664 declarari
1974 613 2104 686 procu·

1160 683 1453 799 rabuntr'ealiter
1470 700 1599 760 etcum
1619 687 1756 762 ellectu.

1110 833 1218 936 (Vll)
1246 833 1333 908 ltecn
1363 838 1460 930 quod
1484 835 1562 912 Ser.
1581 833 1662 910 tter
1687 839 1988 932 quemamodum
2009 855 2045 917 et
2064 843 2103 914 in
2244 857 2249 872 ·

1162 939 1323 1008 doctrina
1338 933 1532 1012 christiana
1542 951 1578 1010 et
1591 939 1666 1012 eius
1681 939 1903 1014 confessione
1911 944 2104 1018 meatu·

1161 1053 1232 1126 est,
1271 1063 1335 1132 per
1363 1040 1513 1130 gratiam
1539 1039 1610 1116 Dei
1642 1041 1866 1134 principibus
1891 1055 1928 1116 et
1953 1045 2104 1118 statibus

1161 1142 1437 1227 confoederatis,
1477 1143 1527 1214 ita
1562 1142 1667 1219 etiem
1701 1144 1871 1234 dignetur
1896 1139 2104 1220 morasus

1161 1241 1428 1314 conditionibus
1449 1243 1585 1317 foederi
1611 1244 1718 1320 etiem
1741 1245 1904 1338 ipsorum
1929 1248 2104 1334 suomet,

1160 1345 1230 1430 ita,
1261 1345 1361 1440 quod
1384 1343 1470 1418 dicti
1494 1345 1648 1418 foederis
1666 1369 1730 1418 sus
1749 1347 1921 1428 sereniss·
1936 1345 2104 1424 Maiestas

1161 1447 1322 1518 obtineat
1346 1445 1466 1518 locum
1489 1461 1524 1519 et
1545 1471 1676 1522 nuncu
1699 1448 1897 1522 defensoris
1919 1463 1955 1531 et
1984 1465 2104 1544 prote-

1161 1547 1280 1622 cteris.

1112 1695 1238 1798 (Vlll)
1265 1695 1377 1786 Item,
1412 1697 1509 1794 quud
1525 1719 1593 1766 nec
1613 1691 1820 1768 dictusScr.
1832 1693 1911 1771 Rex
1931 1721 1997 1770 nec
2017 1697 2105 1774 dicti

1163 1793 1220 1875 111.
1233 1799 1417 1892 Principes
1431 1811 1493 1872 aut
1501 1796 1622 1870 Status
1635 1797 1877 1870 confoederati
1890 1821 2050 1900 uuquam
2066 1804 2105 1872 in
2228 1817 2239 1850 Ι

1162 1915 1344 1996 posterum
1370 1913 1560 1992 agnoscent
1588 1901 1787 1970 tuebuntur
1811 1911 1874 1972 aut
1899 1901 2105 1989 defendent,

1162 2005 1258 2099 quod
1279 2003 1452 2096 primatus
1474 2002 1548 2072 sive
1568 1995 1782 2072 Monarcbia
1803 2001 1866 2072 illa
1886 1999 1995 2080 Rom.
2016 1999 2106 2100 Epi-

1162 2127 1268 2198 scopo
1282 2099 1390 2174 bodie
1403 2105 1581 2190 obtineat,
1603 2116 1663 2174 ant
1674 2125 1834 2200 unquam
1851 2103 2048 2178 obtinuerit
2060 2107 2105 2178 de

1163 2208 1241 2278 iure
1266 2205 1412 2293 divino,
1450 2207 1511 2276 sed
1533 2225 1598 2275 nec
1621 2205 1779 2274 inillam
1799 2207 2008 2280 sententiam
2035 2225 2105 2292 rnr-¹

1164 2331 1270 2404 quam
1292 2307 1535 2393 consentient,
1577 2318 1612 2378 et
1632 2306 1739 2377 etiam
1763 2307 1977 2394 concedent,
2008 2311 2105 2406 quod

1161 2409 1252 2485 utile
1272 2407 1342 2496 sit,
1373 2423 1437 2480 aut
1459 2409 1566 2480 etiarn
1588 2407 1750 2500 expediat
1770 2405 1988 2500 reipublicae
2010 2407 2107 2483 cbri-

1164 2512 1317 2592 suanae,
1352 2523 1397 2584 ut
1416 2507 1524 2584 Rom.
1545 2505 1744 2604 Episcopus
1771 2505 1918 2581 meteris
1938 2513 2107 2586 omnibus

1164 2611 1339 2706 episcopis
1352 2613 1499 2704 praesit,
1523 2623 1587 2683 aut
1602 2611 1714 2683 ullam
1727 2611 1876 2681 omnino
1890 2607 2107 2688 iurisdictio-

1164 2739 1247 2788 nem
1272 2715 1312 2783 in
1339 2713 1516 2788 dictomm
1538 2711 1649 2804 Regis
1677 2725 1713 2784 et
1738 2709 1947 2806 Principum
1979 2717 2108 2808 regnis,

1162 2813 1335 2888 dominiis
1348 2827 1409 2888 aut
1420 2815 1621 2890 ditionibus
1635 2813 1884 2910 quovismodo
1898 2831 2054 2893 exerceat
2069 2819 2106 2890 in

1163 2919 1338 2994 futurum·

126 3057 295 3142 efficient,
325 3069 367 3128 ut
385 2978 594 3126 buiusmodi
616 3055 764 3128 indictio
787 3056 935 3128 omnino
956 3053 1071 3148 impe-
1114 3063 1202 3166 (IX)
1228 3063 1337 3152 Item,
1368 3063 1399 3134 si
1419 3019 1620 3156 dontiugst,
1652 3065 1749 3159 quod
1765 3065 1900 3136 bellum
1915 3005 1977 3138 sut
1990 3067 2108 3164 aliqua

125 3160 247 3232 dictur
260 3171 295 3230 et
309 3171 519 3244 evacuetur,
541 3155 754 3253 nullumque
775 3179 921 3252 prorsus
943 3157 1070 3229 sortia-

129 3275 189 3334 tur
203 3259 377 3334 effectum.
818 3305 821 3308 -

72 3389 146 3489 (V)
171 3385 331 3470 Deinde,
363 3389 460 3482 quod
478 3387 748 3482 protestationes
762 3411 843 3460 suas
856 3387 1017 3482 publicas
1036 3401 1072 3460 et

128 3489 292 3562 solennes
317 3489 464 3574 facient,
487 3513 539 3576 ¹ac
561 3489 725 3560 similiter
746 3515 767 3562 a
791 3513 855 3561 sno
878 3491 972 3562 clero
995 3490 1072 3562 lieri

127 3589 391 3687 procurabunt,
415 3591 547 3684 quibus
568 3603 603 3660 et
625 3591 708 3660 fidei
730 3613 814 3662 suae
835 3593 1071 3664 sinceritatem

127 3693 371 3776 testabuntur,
406 3704 441 3762 et
463 3691 509 3760 ab
531 3685 740 3762 huiusmodi
763 3694 1016 3764 convocatione
1038 3707 1073 3764 et

128 3793 326 3866 indictione
339 3813 484 3884 prorsus
499 3805 535 3863 et
550 3789 699 3862 omnino
717 3815 754 3863 se
769 3795 976 3879 dissentire,
1007 3817 1073 3864 ne-

128 3919 200 3992 que
221 3893 320 3966 illins
343 3893 503 3980 concilii,
541 3891 689 3988 siquod
712 3893 797 3964 iude
816 3895 1007 3966 concilium
1029 3897 1073 3968 de

124 3999 218 4069 iacto
250 4007 436 4090 sequatur,
478 3995 628 4066 decretis
657 4007 719 4066 sut
749 3997 1074 4084 constitutionibus,

128 4123 167 4171 se
187 4097 278 4168 velle
297 4095 461 4188 allegari,
500 4109 562 4168 aut
582 4095 707 4166 iisdem
729 4098 857 4192 quovis
879 4099 986 4181 modo
1009 4123 1074 4194 pa-

129 4223 209 4272 rcre
223 4213 284 4272 aut
299 4199 445 4270 obedire
461 4199 502 4268 in
515 4199 691 4274 futurum.

71 4329 167 4432 (Vl)
192 4325 253 4402 Ad
264 4323 351 4400 baec
359 4329 456 4424 qnod
465 4351 541 4400 non
552 4329 730 4420 parebunt
740 4275 975 4426 unquam-aut
987 4331 1075 4402 obe-

131 4433 254 4527 dient,
277 4445 369 4502 anta
386 4429 459 4500 suis
473 4429 591 4524 pareri
607 4443 668 4502 aut
682 4431 821 4502 obediri
844 4433 982 4520 sinent,
1012 4445 1074 4504 aut

1164 3168 1236 3241 alia
1258 3165 1440 3238 contentio
1466 3165 1540 3236 sive
1562 3165 1610 3238 ob
1633 3187 1773 3238 musam
1793 3167 1995 3258 religionis,
2035 3170 2110 3240 sive

1166 3270 1272 3342 etiam
1293 3279 1391 3340 extra
1410 3261 1505 3338 banc
1523 3262 1684 3352 causam,
1713 3269 1762 3338 ob
1781 3269 1888 3340 sliam
1912 3293 2109 3365 quamcun-

1165 3395 1237 3466 que
1250 3393 1409 3456 causam,
1443 3381 1596 3441 remant
1615 3369 1819 3458 materiam,
1852 3393 1874 3442 s
1897 3395 2110 3468 quocunque

1164 3471 1349 3566 Principe,
1380 3483 1474 3542 statu
1496 3483 1559 3542 aut
1578 3469 1713 3564 populo
1735 3485 1920 3544 moveatur
1940 3487 2002 3545 aut
2018 3473 2110 3545 infe·

1166 3587 1267 3646 ratur
1283 3585 1410 3646 contra
1429 3572 1565 3644 dietum
1584 3571 1756 3644 Sereniss.
1768 3569 1921 3664 Regem,
1957 3575 2033 3648 eius
2054 3599 2111 3646 re-

1166 3697 1257 3767 gna,
1292 3673 1453 3745 dominia
1473 3687 1534 3746 aut
1556 3673 1736 3756 subditos,
1774 3687 1838 3746 aut
1860 3677 1966 3748 etiarn
1988 3691 2111 3750 contra

1167 3779 1281 3852 dictos
1303 3767 1485 3850 Illustriss.
1500 3773 1686 3868 Principes
1706 3789 1768 3846 aut
1782 3773 1903 3849 Status
1922 3779 2112 3850 confoede-

1168 3891 1283 3960 ratos,
1315 3877 1414 3973 quod
1431 3889 1557 3948 neutra
1573 3875 1729 3971 partium
1747 3877 2007 3970 praedictarum
2023 3879 2111 3952 feret

1168 3980 1319 4062 auxilia,
1343 3977 1519 4074 praesidia
1536 3991 1598 4050 aut
1618 3978 1798 4070 suppetias
1820 3994 1944 4052 contra
1963 3983 2109 4054 alteram

1167 4095 1326 4176 partem,
1367 4081 1429 4150 sed
1451 4103 1516 4150 nec
1539 4077 1688 4150 consilio
1710 4091 1771 4150 eut
1799 4081 1939 4166 favore,
1979 4084 2112 4158 directe

1150 4197 1232 4255 ‚aus
1246 4181 1440 4268 indirecte,
1472 4179 1591 4274 palam
1605 4193 1667 4252 aut
1680 4180 1836 4271 occulte,
1866 4183 2027 4280 Principi
2051 4201 2111 4258 aut
2261 4253 2267 4264 .

1166 4285 1301 4378 populo
1329 4283 1379 4354 sie
1406 4279 1591 4354 invadenti
1611 4295 1674 4358 ant
1699 4281 1870 4360 inferenti
1890 4287 2026 4360 bellum
2047 4291 2113 4360 ad-

1168 4399 1276 4458 enmt
1289 4397 1352 4456 aut
1367 4383 1493 4456 aderit.

131 4533 338 4628 permittent
367 4531 452 4602 ullis
478 4531 644 4614 decretis,
678 4533 874 4620 mandatis,
901 4557 964 4606 seu
991 4559 1073 4606 sen-
1117 4533 1186 4634 (Χ)
1212 4531 1315 4622 Item,
1339 4527 1572 4630 quousttex
1588 4531 1755 4622 dignetur
1772 4533 1817 4604 ad
1833 4533 2022 4606 tuitionem
2036 4535 2111 4608 foe·

130 4633 270 4716 tentiis,
301 4633 428 4720 bullis,
459 4633 592 4719 literis,
620 4647 681 4706 ant
704 4635 894 4720 brevibus,
926 4659 998 4730 quo
1028 4639 1073 4708 ab

99 4748 104 4756 '
130 4731 340 4808 huiusmodi
352 4731 515 4808 Concilio
528 4735 579 4806 sic
593 4735 727 4806 indicto
744 4749 779 4808 et
794 4737 988 4826 celebrato,
1013 4751 1075 4810 aut

131 4837 239 4910 etiam
260 4837 372 4930 ipsius
394 4831 564 4930 Episcopi
582 4833 740 4912 Romani
762 4851 823 4909 aut
844 4839 990 4910 alterius
1011 4865 1075 4910 cu-

133 4941 330 5032 iuscunque
370 4937 551 5030 potestatis
596 4939 743 5010 nomine
780 4943 972 5033 procedent
1012 4955 1074 5014 sut

134 5041 373 5118 emanabant,
405 5039 465 5110 sed
499 5041 594 5134 quod
630 5041 761 5133 scripta
791 5043 911 5114 omnia
948 5039 1074 5115 buius-

131 5141 234 5212 rnodi
248 5141 380 5232 pariter
393 5153 427 5212 et
446 5141 586 5213 decreta
609 5165 649 5212 sc
667 5143 784 5214 bullas
808 5157 843 5214 et
865 5145 984 5215 brevia
1007 5169 1073 5239 pro

130 5242 260 5326 nullis,
292 5241 421 5328 irritis,
453 5243 622 5314 inanibus
647 5257 682 5314 et
705 5245 942 5318 inefficacibus
964 5243 1074 5318 babe-

131 5347 226 5417 bunt
244 5355 280 5414 et
299 5343 534 5438 reputabunt,
559 5369 696 5440 proque
719 5340 934 5420 buiusmodi
949 5343 1074 5420 baberi

133 5461 169 5518 ct
182 5443 340 5537 reputari
357 5445 485 5516 debere
500 5447 752 5534 declarabunt,
774 5463 809 5520 et
830 5473 850 5520 a
871 5449 945 5522 suis
970 5453 1073 5522 deni-

76 5555 262 5620 llrsasrs.
277 5549 381 5617 Orsa.
407 5549 490 5618 voc.
504 5551 546 5618 11.

1169 4636 1265 4730 deris
1281 4649 1316 4706 et
1330 4657 1454 4706 musae
1470 4631 1568 4704 illius
1589 4627 1857 4706 honestissimae
1874 4647 1914 4708 et
1935 4637 2113 4710 sanctissi-

1166 4763 1246 4812 mae
1261 4737 1441 4824 conferre,
1474 4759 1513 4806 ac
1537 4736 1633 4828 apud
1653 4731 1719 4806 bos
1731 4735 1908 4810 illustriss.
1922 4739 2113 4834 principes,

1168 4839 1346 4936 praestitis
1362 4837 1606 4922 cautionibus,
1636 4851 1677 4908 ut
1691 4837 1784 4908 infra
1807 4839 1972 4927 additur,
2002 4841 2113 4936 depo-

1168 4965 1253 5014 nere
1268 4963 1443 5014 summam
1451 4937 1604 5010 Centurn
1618 4938 1773 5010 millium
1781 4935 2017 5030 Coronarum,
2042 4969 2113 5040 que

1165 5043 1317 5140 pecunia
1332 5041 1455 5112 licebit
1470 5041 1526 5112 uti
1541 5039 1814 5127 confoederatis,
1844 5033 1908 5114 ubi
1929 5068 2019 5136 opus
2034 5045 2113 5130 fue·

1168 5147 1216 5218 rit
1237 5146 1278 5216 in
1301 5167 1405 5216 causa
1427 5141 1662 5228 defensionis,
1703 5167 1769 5236 pro
1795 5158 1894 5236 parte
1916 5146 2112 5222 dimidiata.

1166 5245 1361 5342 Reliquam
1389 5269 1475 5315 vero
1503 5257 1639 5338 partem
1659 5244 1844 5316 dimidiam
1866 5261 2009 5320 sumant
2037 5249 2110 5320 foe-

1167 5349 1282 5421 derati
1310 5349 1355 5418 de
1387 5369 1427 5417 ea
1460 5345 1628 5438 pecunia,
1662 5369 1769 5440 quam
1794 5345 1862 5438 ipsi
1889 5349 1933 5418 ad
1961 5351 2108 5464 eandem
2259 5394 2264 5404 ·

1168 5473 1345 5524 amurcam
1360 5447 1588 5520 contulerunt
1603 5471 1643 5518 ac
1657 5449 1909 5556 deposnerunt.

1228 5551 1279 5626 66
